886 1107
30 53 240 43 The deposition of

28 85 815 63 years saith that on the 15'th Day of march Last: 1692

301 61 78 43 Jeams

385 58 96 42 fuller

502 70 348 50 Junier aged about eighteen

28 119 811 55 or there a bouts: as to the Day: A bout 9 or 10: of the

36 150 672 48 Clock: I was talking with Goodman Perry

30 183 820 64 him how the s'd mary Fuller my sister & Mary Thorn

718 168 137 47 & telling

26 223 833 58 wer taken last night: & in the mene while, whilst

32 255 827 56 he and I was talking Rachell Clinton Cam in to our

33 293 804 49 house & sat Downe by the fier I asked hur what

33 321 735 56 shee came bother for at this time of night,

36 355 806 52 said shee Came to see what Lies them were that we -

773 338 84 48 & shee

38 391 823 53 raisd of hur & I tould hur I Ded not know as I had

54 427 687 47 Raisd Eny of hur: Presently my onkles Boy

749 446 109 38 Cam in

40 461 813 52 & told me that ther Betty was Ded, and as soon

41 491 694 50 as Ever she s'd Rachall Herd them words:

43 524 696 52 out of Dors: and I followed hur as herd as

743 511 117 47 she run

44 555 492 40 & when I Came to the Dore I

554 564 278 55 could see nothing

750 547 107 45 I could

49 588 805 47 of hur: & it was a very Cler mone light night

47 616 628 50 & I Run up to my onkles: Joseph fullers

673 625 157 53 House: To

49 650 782 50 see what the matter was: & ther I found the Gerle Dede

54 684 540 41 as the boys told me; & s'd onkl fuller

604 689 228 51 & I took hur up

53 717 343 47 & Cerried hur in the house

435 718 398 43 & so shee continued for the

65 749 785 41 space of 3 or 4 hours: before ther was any Apperance

70 773 754 48 of Life in hur; & the next Day I asked hur whot

65 805 749 39 mad hur so Last night & she told me: She See

79 833 524 37 Sumthing stare up at the Corner of

619 833 224 49 the shope & Shee

68 857 552 41 went a little way towards it & it

619 868 197 39 Loced So Basly

76 884 598 48 she turned About to Run a way from it

691 898 152 42 & it follow

79 912 408 49 her & Knocked hur Down
