1154 738
87 44 1032 66 The Complaint of Roburt swane and John swane of Andevor

92 111 351 50 against Mary Clarke

656 99 462 56 the wife of Edward Clarke

92 145 1012 65 of Haverhill: In behalf of Their Majesties: for themselves

93 184 1019 58 and severall of their neighbors: for High suspition of sundry

94 231 1006 54 acts of witchcraft by hir commited on the bodys of Timothy

530 234 37 23 latly

90 274 1028 44 Swwane of Andevor and Mary Walcott and Ann Putnam of Salem

87 312 123 57 village

222 308 901 65 wherby much hurt hath ben don the afore said afflic

93 356 41 49 ed

143 362 422 55 persons and theirfore they

589 369 207 55 carve justis

810 377 119 62 Robert

949 389 119 49 Swan

179 440 925 48 This Complaint was brought to me (by Robert Swan of Andov'r) the

161 483 523 48 3'd day of August Anno Domini 1692

720 481 393 47 & bond given for the pross

161 522 221 45 cution thereof

403 528 701 53 before, the Worship'l justices of Peace att salem:

189 563 167 41 upon which

359 567 526 52 I gave, a writt of Apprehension:

762 608 335 56 Dudley Bradstreet Just's Peace
