1148 813
176 36 923 79 To the Sherriffe of the County of Essex or Deputy or Constable

145 97 187 45 of Andover

126 126 973 63 You are in their Majesties names hereby required to Apprehend

538 166 282 32 and Andrew Carrier

138 187 964 49 and forthwith bring before us Richard Carrier Son of Thomas Carier

144 222 936 45 of Andivor Husbandman who Stands charged on behalfe of their

144 269 949 41 Majesties with haveing Comitted Sundry acts of wichcraft & that

473 258 532 25 on the body of Mary Warren of Salem &c

154 303 909 48 in order to his Examination relating to the abovesaid premisses

155 338 936 59 and hereof Faile not & you are likewise to inquire after & make

155 383 940 53 Serch for any paper or popetts. that may relate to witchcraft.

171 421 445 49 Dated in Salem 21 July 1692

28 488 162 37 in obedience

738 458 279 53 Bartho' Gedney

31 518 98 33 the body

199 497 216 41 to this warrant

126 525 521 55 of richard carier and andrew carier and have

435 508 183 41 I have sessed

750 510 329 51 John Hathorn

122 554 430 61 brought them to the house of Mr

725 543 199 52 Jonathan.

34 581 106 53 Thomas

923 552 157 45 Corwin

147 594 92 39 Beadle

244 601 115 44 22 July

365 602 78 48 1692

720 592 303 60 John Higginson

323 648 425 46 By me *John Ballard Constable

878 648 169 67 Jus's Peace

532 697 209 41 in Andover
