850 1043
15 46 60 58 Essex

180 18 340 49 To ye Constable of Haverhill:

121 62 696 42 This day Complaint being made to me ye Subscriber; by Robert

117 95 724 38 Swan of Andover in ye County of Essex, against Mary Clerk of Haverhill

121 121 717 37 in ye County aforesd, (that the wife of Edward Clerk,) that she is Highly

120 150 707 33 suspected to be guilty of severall acts of witchcraft. & more lately

117 174 710 36 some committed on ye bodys of timothy Swan of Andover: & Mary

114 204 719 35 Wallcutt: & Anne Putnam of Salem Village in ye County aforesd:

119 235 726 34 Contrary to ye peace of or Souereigne Lord & Lady William & Mary

124 260 719 35 King & Queen of England Scotland &c: & to ye statutes in that

120 287 717 34 Case provided, & sd Robert Swan having given bond according to

122 312 713 42 Law, to prosecute sd Complaint (as he desires) before ye Worshipll

119 341 726 38 Bartholmew Gedney John Hathorne: Jonathan Corwin & John

118 370 657 42 Higginson Esqs: their Majests: Justices of ye peace in Salem

166 402 664 37 These therefore require you upon sight hereof, to --

172 425 653 44 apprehend & siese ye body of sd Mary Clerke & here her --

177 453 636 45 forthwith safely convey to Salem, before ye abovesd

122 478 712 46 Justices of ye peace there: there to be examined, & proceeded

121 507 709 46 with according to Law, for which this shall be yor warrant

172 536 664 46 Given undr my hand & seal this 3d day of August Anno

129 559 66 33 Domini

205 564 600 53 1692: & in ye 4th year of their Majests reigne &c

443 608 395 50 Dudley Bradstreet justice of peace

128 664 661 82 By Vertue of this Warrant I have Seised

129 698 43 45 the

174 710 121 64 Body of

125 736 70 60 down

288 730 488 55 Mary Clark and Brought her

216 766 161 45 wth mee Wm

377 778 457 47 : Sterling Constable of haveril
