833 1201
128 40 615 99 To The Sherriff of the County of Essex or dep'y

233 91 419 60 or Constable in Andover

118 125 650 75 You are in theire Majest's names hereby required

122 154 622 73 to apprehend & forthwith, or as soone

132 186 628 86 as May be, bring before us, Mary Bridges

133 221 604 82 the wife of John Bridges of Andover

367 245 335 50 in behalfe of theire Majest's

134 253 621 80 who stands Charged w'th haveing Committed

127 280 640 90 Sundry acts of Witchcraft Lately on the

130 318 591 90 Body of Timothy Swan of Andover

131 345 627 96 and others to theire great hurt, And that

130 387 640 81 in order to her Examination Relating

132 416 628 85 to the abovesaid Premises and hereof

128 451 636 76 You are not to faile Dated Salem

127 494 339 91 July the 28'th 1692

465 515 259 57 Bartho Gedney

477 551 253 55 John: Hathorne

445 587 290 65 Jonathan. Corwin

483 623 255 66 John Higginson Esq

561 669 170 64 Just'es Peace

109 832 592 51 in obedience to this writ I have Seased

113 872 682 44 the Body of Marie Bridges wife of John Bridges

117 902 676 54 and have brought her to the sorshipful answer

27 952 70 37 against

125 939 676 57 John hathron esq at Sailom what shall be

36 972 456 61 against her this 28 of July 1692

359 1003 367 85 By mee *John Ballard

393 1060 354 69 constable of andover
