1416 2204
222 17 242 78 presence

195 64 1006 93 Can you look upon these & not knock them

185 124 225 107 down?

243 192 942 74 They will dissemble if I look upon them

182 258 986 95 You see you look upon them & they fall

183 347 177 79 down.

189 402 737 91 It is false the Devil is a liar.

198 461 991 102 I lookt upon none since I came into the

202 551 356 88 room but you

215 610 973 95 Susan:Sheldon cryed out in a Trance I

198 694 1023 79 wonder what could you murder. 13. persons?

182 764 1002 82 Mary Walcot testifyed the same that there

197 843 387 88 lay.13. Ghosts.

209 896 1019 120 All the afflicted fell into most intollerable

214 1004 556 58 out-cries & agonies.

214 1060 993 88 Eliz: Hubbard & Ann Putman testi

176 1128 1009 92 fyed the same that she had killed

220 1218 476 83 13. at Andover.

226 1262 963 116 It is a shamefull thing that you should

205 1334 994 120 mind these folks that are out of their

211 1448 151 51 wits.

197 1470 646 107 Do not you see them?

559 1514 625 105 you will not believe me?

189 1550 349 119 If I do speak

172 1615 920 115 You do see them, said the accusers.

177 1693 692 111 You lye, I am wronged.

175 1758 958 106 There is the black man wispering in

191 1826 927 109 her ear said many of the afflicted.

178 1897 995 108 Mercy Lewes in a violent fit, was well

184 1973 990 161 upon the examinants grasping her arm.
