3593 2935
306 187 3174 186 The Deposistion of James carr. who testifieth and saith that about 20 years

298 290 3102 164 agoe one day as I was accidently att the house of mr wheleright and

300 399 3173 148 his daughter the widdow maverick then lived there: and she then did most

293 476 3140 156 curtuously invite me to com oftener to the house and wondered I was

315 567 3133 149 grown such a stranger and with in a few days affter one evening I went

300 655 3180 154 thether againe: and when I came thether againe: william Bradbery was there

281 743 3219 164 who was then a suter to the said widdow but I did not know it tell affter

281 831 3150 157 affterwards; after I came in the widdow did so corsely treat the s'd william

257 947 3097 116 Bradbery that he went away semeing to be angury: presently after this

277 1041 3161 118 I was taken affter a strange maner as if liveing creature did run

272 1141 3139 114 about every part of my body redy to tare me to peaces and so I

1951 1227 262 86 by times &

281 1235 3143 124 continued for about 3 quarters of a year I applyed myself to doctor

129 1320 3302 149 crosbe who gave me a grate deal of visek but could make non work tho he

277 1425 3170 124 steept tobacco in drink he could make non to work where upon he tould

251 1622 3149 116 a good while: and he asked me by hom I tould him I did not care for spaking

256 1511 3087 142 me that he beleved I was behaged: and I tould him I had thought so

265 1734 3156 106 for one was counted an honest woman. but he uging I tould him and he

283 1801 3156 142 said he did beleve that mis Bradbery was a grat deall worse then goody

278 1925 3120 118 mertin: then presently affter this one night I being a bed and brod awake

260 2025 3171 112 there came sumthing to me which I thought was a catt and went to strick

171 2105 3206 140 it ofe the bed and was [seud] fast that I could not stir hedd nor foot but

278 2212 3099 153 by and by coming to my strength I hard sumting a coming to me againe

274 2317 3186 135 and I prepared myself to strick it: and it coming upon the bed I did strick

274 2436 3061 115 at it and I beleve I hit it: and affter that visek would work on me

287 2520 3115 129 and I beleve in my hart that mis Bradbery the prison'r att the bar has

287 2631 1756 127 often afflected me by acts of wicthcraft

2201 2643 1181 147 Jurat in Curia Septm

3206 2709 213 147 9: 92
