2384 3508
350 33 2008 144 Sam'll Endecott aged thirty one years or thereabout Testifies

337 144 2013 142 Thatt about eleven years since being bound upon a vioage

331 239 752 131 to sea w'th Capt Sam'll

307 348 2047 172 before we sayl'd mrs Bradbery of Salisbury the prisoner now att

968 251 1371 158 Smith Late of Boston Diceas'd, just

315 465 2028 164 the barr came to Boston w'th some firkins of butter of w'ch

311 582 2002 135 Capt Smith bought two, one of them proved halfe way

304 705 2005 125 butter and after wee had been att sea three weekes our

302 797 2050 156 men. were nott able to eat itt, itt stanck soe and runn w'th

296 898 2039 168 magotts, w'ch made the men very much disturb'd about

306 1029 2046 167 itt and would often say thatt they heard mrs Bradbury

307 1134 2051 183 was a witch and thatt they verily beleived she was soe

298 1260 2048 186 or else she would nott have served the Capt soe as to sell him

306 1383 2015 154 such butter. And further this deponent Testifieth that in

307 1518 2004 124 four dayes after they sett sayle they mett w'th such

294 1611 2033 139 violent storm that we lost our main mast and riggin

302 1744 2052 117 and Lost fifeteen horses and thatt about a fortnight after

292 1853 2054 129 we sett our jury mast and thatt very night there came

296 1980 2054 146 up a Shipp by our side and Carried  two of the mizon shrouds

1483 1944 175 84 away

294 2104 2039 152 and one of the Leaches of the mainsaile: and this deponent

296 2221 2013 160 further sayth thatt after they arived att Barbados and

282 2367 1992 164 went  Saltitudos & had Laden their vessell the next

302 2498 1951 152 morning she sprang a leake in the hold w'ch

288 2605 2027 178 wasted sevrall tunns of salt in soe much thatt we were

298 2703 2054 214 forct to unlade our vessell again wholy to stopp our leake

292 2859 2019 134 there was then four foot of water in the hold after we

302 2964 2033 152 had taken in our lading again we had a good passage

292 3098 2049 119 home butt when we came near the Land the Capt

294 3203 1891 133 sent this deponent forward to looke out for land

311 3318 1893 156 in a bright moone shining night and as he was

462 2306 70 114 to
