996 1366
69 44 878 66 The same day after lecttor in the said: Ingersolls chamber

64 95 877 54 abigaill williams mary walcot said that goody hobs

59 129 873 78 of topfell bitt mary walcot by the foot then both

65 176 864 54 falling into a fit as soone as it was over the said

63 207 868 67 william hobs and his wife goe both of them a long

63 247 841 61 the table; the said hucheson tooke his rapier stabed

69 286 879 57 goody hobs one the side as abigaill williams & mary walcot

71 327 877 67 saide: the said abigaill & mar said the roome was full of them

354 366 196 59 & Ely putnam

69 375 868 75 then the said hucheson stabed with their raperres at a ventor

68 415 867 75 the said mary & abigell you have killed a greet black

76 461 874 67 woman of Stonintown. and an Indian that comes with her

78 508 875 61 for the flore is all covered with blod.then the said mary and

74 553 888 72 abigaill looked out of dores & said they saw a greet company of

75 587 890 91 them one a hill & there was three of them lay dead the black

82 638 787 79 woman & the indian & one more that they knew not

120 692 698 79 This being about.4.a clock in the after noone
