1212 1498
124 54 1034 100 Memorand. in mr George Burroughs Tryall

362 84 60 38 m

327 122 837 78 besides the written Evidences that was

267 208 180 65 of mouth

376 156 773 91 Sworne sev'll who gave theirs by word

326 208 808 92 Major Browne holding Out a heavy

387 263 648 87 Gun w'th One hand

356 307 807 96 Thomas Ruck of his sudden coming

357 357 785 79 in after them & that he could tell

348 411 365 59 his thoughts.

327 436 807 108 Thomas Evans that he Carried Out

326 496 838 97 Barr. Molossus & Meats &c out

471 516 58 54 els

356 567 359 68 of a Canoo

342 565 815 108 whilst his mate.went to the fort for hands to

361 595 816 135 the fort for hands to help out wth

352 712 164 57 them

347 754 763 104 Sarah Wilson Confess't that the night

88 827 186 73 These

339 832 773 74 before mr Burroughs was Executed.

44 914 254 42 since the

343 875 792 89 that there was a great Meeting of the

38 956 276 53 execution of

347 935 736 77 witches Nigh Sarj't Chandlers that

56 1006 255 73 Mr Burro:

351 979 794 71 mr Bur. was there & they had the Sac't

345 1032 815 70 & after that they

346 1097 252 43 had done

635 1066 510 64 he tooke leave & bid

367 1107 801 73 them Stand to their faith, & not own

357 1174 303 43 any thing

346 1200 823 89 Martha Tyler saith the same w'th Sarah

1062 1234 115 48 Wilson

397 1270 411 68 & Severall others
