1400 1980
146 30 1118 71 The teastymony of Benjamin Abbutt aged about 31 years

200 89 1074 58 Saith: last march was twelfe months: then haveing Some land

204 133 1088 60 granted to me by the Touwne of Andover Near to good man Carriers

203 172 1105 66 his land, & when this land Came to be laied out goodwiffe Carrier was

202 217 1064 70 verÿ Angerÿ , & said that she would stick as Closs to Benjamin

193 265 1129 67 Abbut as the bark stooke to the Tree & that I should Repent

198 312 1122 59 of it afore Seven years Came to an Eand & that doctor prescott

193 356 1133 62 Could Never Cure me: These words were heard bÿ Allin Toothaker

191 408 1113 58 She also Said to Ralph farnam Jun'r that she would hold my noss

189 456 1127 63 so Closs to the grindstone as Ever it was held since mÿ Name

190 506 1129 58 was Benjamin Abbut: presently after I was taken with a swelling

189 548 1132 58 in mÿ ffoott & then was taken with a paÿne in mÿ side Ecksidienglÿ

186 590 1135 68 Tormented, wich bred to a sore: which was lancit bÿ docter prescott

183 641 1143 56 & severall gallons of Corruption did Run out & so Continued about

941 631 179 43 as was Judged

183 683 1124 57 ix weeks Verÿ bad, & then one other sore did breed in mÿ grine

179 727 1145 52 wich was lancit bÿ doct.prescott also: & Continued verÿ bad a while

176 777 1143 56 & then on other sore breedin mÿ grine which was also Cutt: & putt

179 820 1145 62 me to verÿ great misserÿ , so that it brough me almost to Deaths

178 867 1114 60 doore, & Continued, untill goodwiffe Carrier was Taken & Carried

177 917 1098 60 a waÿe by the Constable & that verÿ daÿ I begun to grow better,

179 962 1124 68 mÿ soers grew well & I grew better Everÿ daÿ: & so have been well

180 1005 1109 78 Ever since: & have great cause to think that the s'd Carrier

182 1054 767 77 had a great hand in my sickness & misery

852 1078 375 73 benjamen Abbut

465 1134 854 67 Jurat in Curia Aug't 3'd. 1692. Attest *Step. Sewall

238 1197 972 75 The deposition of Sarah Abbott aged about 32 years

1234 1171 85 66 Cle

176 1249 1137 73 testifieth that since my husband had a parcell of land granted

173 1304 1133 60 by the Towne, lying near the land of Thomas Carrier, (Which as I

175 1348 1134 63 have heard) his wife Martha Carrier was greatly troubled att

175 1392 1149 67 & gave out Threatening words) that my husband Benjamin Abbott

173 1439 1143 62 has not been only afflicted in his body, as he testifies, but alsoe

172 1480 1152 67 that strange & unusuall things has happened to his Cattle, for

173 1527 1152 63 some have died suddenly & strangely, which we could not tell any

169 1571 1159 55 naturall reason for, & one Cowe Cleaned a fourthnight before she

169 1609 1160 65 Calved, but the Cowe died afterwards strangely though she calved well

172 1661 1132 55 soe far as we Could p'rceive , & some of the Cattle would Come

170 1701 1146 54 out of the woods w'th their tounges hanging out of their mouths in

167 1743 1151 58 a strange & affrighting manner, & many such things, which we

169 1789 1137 57 can give noe account of the reason of, unless it should

173 1830 869 67 be the effects, of martha Carriers threatnings

543 1918 284 60 Juriat: in Curia

925 1896 239 43 her mark.

858 1938 110 40 Sarah

1046 1925 128 53 Abbott
