1444 1056
116 61 1264 76 The deposistion of Sarah viber who testifieth and saith that on the

119 111 1279 62 9'th day of may 1692 . as I was agoeing to Salem village I saw the apperishtion

126 167 1266 42 of a little man like a minister with a black coat on and he pinched me

134 198 1270 52 by the arme and bid me goe along with him but I tould him I would not

124 239 1252 54 but when I cam to the village I saw theire Mr. George Burroughs

127 281 1288 51 which I never saw before and then I knew that it was his apperishtion

110 320 1289 70 which I had seen in the morning and he tortured me several times

108 381 1320 43 while he was in examination also dureing the time of his examination

112 418 1299 61 I saw Mr. George Burroughs or his Apparanec most greviously tor

102 474 1300 46 -ment and afflect Mary Walcott mercy Elizabeth Hubbert Ann

889 460 54 25 Luis

119 524 1265 40 putnam and abigaill williams by pinching twisting & alm

125 565 1290 54 choaking them to death also severall times sence mr george Bur

1193 600 52 34 me

134 618 1293 52 roughs r his Apperance has most greviously tormented with variety

142 660 1274 63 of tortors and I beleve in my heart that mr George Burroughs

154 708 1253 68 is a dreadfull wizzard and that he has most greviously torment

140 756 1250 59 ed me and the above mentioned parson by his acts of wicthcraft

85 801 1279 86 Sarah Viber declared to the Jury of inquest:that the above written evidence

85 840 1053 103 is the truth:Aug'st 3: 1692 the which she owned on her oath

876 901 291 52 Jurat in Curia
