3809 2865
886 268 2435 188 To the Marshall of Essex or his dept or to the

1143 401 1823 176 Constables of Andover

689 574 2819 132 You are in theire Majests names hereby required

663 686 2915 127 apprehend and forthwith secure, and bring before

761 761 2806 172 martha Carrier the wife of Thomas Currier of And

695 881 2881 134 on Tuesday next being the 31't day of this Instant m

699 1002 2880 160 of May about ten of the clock in the forenoon  at

1392 978 1464 110 or as soon as may be afterward

685 1086 2918 203 house of L't Nathaniell Ingersalls in Salem Village

687 1227 2880 186 who stands charged with have- ing Committed Sundry

690 1319 2835 240 of Witchcraft on the Bodys of Mary Walcot and abi

678 1454 2858 234 Williams of Salem Village to theire great hurt &

695 1609 2856 205 in order to her Examination Relateing to the prem

687 1716 2880 256 abovesaid faile not Dated Salem May 28'th 169

2087 1921 1215 230 John Hathorne

1504 2148 478 268 per us

2051 2112 1189 256 Jonathan. Corwin

3343 2031 258 294 Assis't
