<?xml version="1.0" encoding="UTF-8"?>
<alto xmlns:xsi="http://www.w3.org/2001/XMLSchema-instance"
      xmlns="http://www.loc.gov/standards/alto/ns-v4#"
      xsi:schemaLocation="http://www.loc.gov/standards/alto/ns-v4# http://www.loc.gov/standards/alto/v4/alto-4-2.xsd">
  <Description>
    <MeasurementUnit>pixel</MeasurementUnit>
    <sourceImageInformation>
      <fileName>ecca1313r.jpg</fileName>
      
    </sourceImageInformation>
  </Description>
  
  <Tags>
    <OtherTag ID="BT1" LABEL="Title" DESCRIPTION="block type Title"/><OtherTag ID="BT2" LABEL="Main" DESCRIPTION="block type Main"/><OtherTag ID="BT3" LABEL="Commentary" DESCRIPTION="block type Commentary"/><OtherTag ID="BT4" LABEL="Illustration" DESCRIPTION="block type Illustration"/><OtherTag ID="BT6" LABEL="text" DESCRIPTION="block type text"/>
    <OtherTag ID="LT6" LABEL="default" DESCRIPTION="line type default"/>
  </Tags>
  
  <Layout>
    <Page WIDTH="1400"
          HEIGHT="1043"
          PHYSICAL_IMG_NR="63"
          ID="eSc_dummypage_">
      <PrintSpace HPOS="0"
                  VPOS="0"
                  WIDTH="1400"
                  HEIGHT="1043">
        
        <TextBlock HPOS="30"
                   VPOS="25"
                   WIDTH="1355"
                   HEIGHT="887"
                   ID="eSc_textblock_47998a1e"
                   TAGREFS="BT6">
          <Shape><Polygon POINTS="69 25 1128 39 1158 44 1163 64 1244 67 1251 76 1241 101 1247 108 1270 115 1297 108 1295 122 1253 120 1271 136 1276 168 1348 197 1353 214 1373 229 1369 263 1383 278 1383 386 1300 402 1281 421 1281 432 1318 440 1376 435 1385 442 1385 863 1309 875 1251 859 1052 854 938 873 778 856 685 901 650 907 319 912 284 877 41 856 30 838 30 804 60 778 305 778 303 660 322 546 308 444 310 303 299 222 282 187 282 150 97 138 73 110 32 87 37 32 69 25"/></Shape>
          
          
          <TextLine ID="eSc_line_f63ad793"
                    TAGREFS="LT6"
                    BASELINE="43 69 1154 69" 
                    HPOS="42"
                    VPOS="46"
                    WIDTH="1111"
                    HEIGHT="34">
            <Shape><Polygon POINTS="42 68 43 79 69 72 133 72 147 79 151 79 152 79 153 79 186 78 299 72 357 77 391 79 392 80 518 80 518 79 519 79 533 75 547 72 580 75 606 78 606 78 620 75 634 72 660 74 673 76 673 76 726 74 774 73 779 73 796 79 797 79 798 80 844 80 844 79 845 79 863 73 866 72 1030 72 1032 72 1047 79 1048 79 1049 79 1073 75 1088 79 1089 79 1090 79 1153 71 1153 68 1153 46 1027 46 1026 46 1026 46 1025 46 999 59 877 59 842 50 841 50 785 56 771 51 770 51 769 51 725 55 704 50 703 50 702 50 701 50 686 55 651 48 640 46 588 46 587 46 586 46 581 49 563 57 553 53 553 53 552 53 491 58 377 53 376 53 223 58 200 53 200 53 199 53 198 53 187 58 110 58 91 51 85 49 84 49 83 49 42 51 42 68"/></Shape>
	    <String CONTENT="Wm &amp; Mary by the Grace of God of England Scotland France"
                    HPOS="42"
                    VPOS="46"
                    WIDTH="1111"
                    HEIGHT="34"></String>
          </TextLine>

          
          
          <TextLine ID="eSc_line_8e8c4875"
                    TAGREFS="LT6"
                    BASELINE="101 110 686 95 991 94" 
                    HPOS="100"
                    VPOS="56"
                    WIDTH="890"
                    HEIGHT="65">
            <Shape><Polygon POINTS="100 109 100 111 186 110 201 112 224 114 225 114 258 111 289 108 300 111 316 115 317 115 318 115 319 115 334 111 346 107 418 110 440 111 475 121 476 121 477 121 478 121 479 121 486 117 592 119 593 119 593 119 611 111 664 111 664 110 665 110 668 109 685 101 720 108 753 115 753 115 754 115 768 108 788 98 863 107 871 108 872 108 873 108 876 107 906 99 927 106 928 106 929 106 930 106 958 99 988 106 990 93 988 66 951 59 950 59 911 66 886 59 886 59 885 59 884 59 861 67 861 68 816 68 762 69 700 56 699 56 698 56 697 56 689 61 643 57 642 57 565 70 524 59 523 59 522 59 480 59 480 59 416 76 381 62 380 62 353 62 353 62 323 63 322 63 298 73 226 65 225 65 224 65 171 81 169 82 100 82 100 109"/></Shape>
	    <String CONTENT="King &amp; Queen defend&#x27;rs of the faith &amp;ca"
                    HPOS="100"
                    VPOS="56"
                    WIDTH="890"
                    HEIGHT="65"></String>
          </TextLine>

          
          
          <TextLine ID="eSc_line_8bda9c94"
                    TAGREFS="LT6"
                    BASELINE="295 176 696 174 1240 154" 
                    HPOS="293"
                    VPOS="121"
                    WIDTH="947"
                    HEIGHT="74">
            <Shape><Polygon POINTS="294 175 295 195 333 185 402 184 420 191 426 193 427 193 428 193 429 193 434 191 444 186 526 186 527 186 528 186 550 180 566 185 566 185 567 185 643 179 673 182 702 186 703 186 728 180 729 180 732 180 833 185 833 185 834 185 835 185 849 176 850 175 878 172 897 174 929 179 930 179 993 171 996 171 997 171 1024 179 1025 179 1026 179 1117 178 1152 172 1219 173 1220 173 1220 173 1240 163 1240 153 1237 121 1172 123 1171 123 1170 123 1143 139 1081 143 1062 136 1061 136 1060 136 1034 136 1018 129 1014 127 1013 127 980 127 980 127 912 132 911 132 906 133 893 138 881 134 879 133 878 133 877 133 870 134 838 140 816 137 815 137 814 137 780 150 763 146 762 146 761 146 746 152 589 155 569 146 560 141 559 141 537 139 536 139 535 139 514 147 506 152 420 160 385 160 361 153 333 144 332 144 331 144 330 144 293 155 294 175"/></Shape>
	    <String CONTENT="To the Constable or Constables of Andover Greeting"
                    HPOS="293"
                    VPOS="121"
                    WIDTH="947"
                    HEIGHT="74"></String>
          </TextLine>

          
          
          <TextLine ID="eSc_line_a06d6ee7"
                    TAGREFS="LT6"
                    BASELINE="326 230 494 225 588 227 735 224 1110 214 1187 214 1216 218 1344 218" 
                    HPOS="325"
                    VPOS="188"
                    WIDTH="1019"
                    HEIGHT="53">
            <Shape><Polygon POINTS="326 230 326 241 383 234 521 234 522 234 559 230 589 234 590 234 637 229 681 233 682 233 712 227 750 232 751 232 818 230 818 230 831 225 863 230 863 230 905 224 931 228 931 228 971 223 1000 228 1001 228 1023 228 1035 227 1036 227 1059 221 1105 218 1164 218 1194 224 1195 224 1344 221 1344 218 1343 197 1223 199 1209 198 1154 192 1154 192 1129 194 1103 188 1103 188 1011 190 966 191 965 191 953 195 933 192 932 192 893 196 863 194 862 194 862 194 840 201 839 201 791 203 762 209 712 206 711 206 680 211 558 210 545 206 544 206 544 206 514 211 498 208 498 208 462 210 421 217 405 217 361 204 361 204 360 204 359 204 325 204 326 230"/></Shape>
	    <String CONTENT="Wee Comand you to Warn &amp; give Notice unto Allen"
                    HPOS="325"
                    VPOS="188"
                    WIDTH="1019"
                    HEIGHT="53"></String>
          </TextLine>

          
          
          <TextLine ID="eSc_line_0f6a1091"
                    TAGREFS="LT6"
                    BASELINE="318 280 594 275 755 277 1193 270 1331 261" 
                    HPOS="318"
                    VPOS="243"
                    WIDTH="1013"
                    HEIGHT="47">
            <Shape><Polygon POINTS="318 280 318 289 366 286 403 287 444 290 445 290 445 290 454 287 460 284 578 282 603 283 635 286 635 286 661 282 671 281 678 282 695 284 696 284 806 283 876 278 879 278 880 278 894 282 894 282 895 282 969 281 1024 275 1034 274 1039 274 1063 279 1064 279 1151 272 1154 272 1156 272 1180 276 1180 276 1261 275 1331 268 1331 261 1329 243 1226 252 1136 252 1095 249 1085 248 1085 248 1079 249 1055 254 1039 250 1033 249 1033 249 1032 249 1015 250 990 253 963 252 938 250 937 250 923 253 900 257 862 257 854 254 845 252 844 252 844 252 830 255 822 256 806 256 787 254 786 254 768 256 737 260 700 258 653 256 653 256 602 260 575 263 558 261 545 260 544 260 531 262 521 263 517 262 505 259 504 259 504 259 426 263 380 260 380 260 348 266 344 267 318 267 318 280"/></Shape>
	    <String CONTENT="Toothaker Ralph farnum Jun&#x27;r John farnum"
                    HPOS="318"
                    VPOS="243"
                    WIDTH="1013"
                    HEIGHT="47"></String>
          </TextLine>

          
          
          <TextLine ID="eSc_line_82a7e1e7"
                    TAGREFS="LT6"
                    BASELINE="322 319 404 316 526 323 592 324 788 319 838 326 941 323 1353 304" 
                    HPOS="320"
                    VPOS="267"
                    WIDTH="1032"
                    HEIGHT="69">
            <Shape><Polygon POINTS="321 318 321 333 465 330 473 332 480 334 481 334 482 334 495 332 514 328 532 332 553 335 554 335 555 335 571 331 586 326 609 330 645 336 646 336 680 329 693 326 705 328 736 334 737 334 738 334 750 328 752 326 792 322 806 327 813 330 814 330 885 332 886 332 913 326 995 329 996 329 997 329 1011 324 1013 323 1021 324 1061 327 1062 327 1140 325 1140 325 1152 321 1161 318 1352 318 1352 303 1347 267 1321 279 1301 275 1300 275 1246 285 1199 279 1198 279 1146 288 1119 281 1118 281 1117 281 1116 281 1099 291 1022 292 1013 288 1012 288 1011 288 928 297 850 297 822 284 820 283 819 283 818 283 771 284 770 284 764 285 717 304 683 304 654 294 653 294 653 294 586 307 560 296 560 296 534 293 525 292 524 292 438 295 437 295 433 296 414 302 392 298 386 297 385 297 320 299 321 318"/></Shape>
	    <String CONTENT="son of Ralph farnum sen&#x27;r Benjamin Abbot &amp; his wife"
                    HPOS="320"
                    VPOS="267"
                    WIDTH="1032"
                    HEIGHT="69"></String>
          </TextLine>

          
          
          <TextLine ID="eSc_line_d282f2bf"
                    TAGREFS="LT6"
                    BASELINE="321 370 1364 364" 
                    HPOS="320"
                    VPOS="320"
                    WIDTH="1043"
                    HEIGHT="58">
            <Shape><Polygon POINTS="320 369 320 377 360 372 462 372 492 377 506 378 506 378 507 378 513 377 526 372 673 375 765 378 766 378 882 377 902 373 922 371 940 373 958 376 959 376 960 376 968 373 981 369 1038 372 1064 374 1065 374 1066 374 1069 372 1079 368 1124 372 1132 372 1133 372 1148 372 1214 368 1237 372 1258 374 1259 374 1363 370 1363 363 1361 321 1328 321 1327 321 1326 321 1325 322 1303 330 1284 323 1277 320 1276 320 1217 320 1216 320 1215 320 1206 325 1204 326 1178 325 1066 321 1066 321 1017 330 1011 331 1006 330 960 322 960 322 959 322 937 332 910 332 908 332 886 325 886 325 885 325 884 325 851 334 828 340 818 335 794 324 793 324 793 324 792 324 759 337 741 344 726 338 711 332 710 332 675 328 674 328 673 328 629 340 612 345 572 342 548 340 547 340 546 340 540 343 530 347 320 348 320 369"/></Shape>
	    <String CONTENT="Andrew foster Phebe Chandler daughter"
                    HPOS="320"
                    VPOS="320"
                    WIDTH="1043"
                    HEIGHT="58"></String>
          </TextLine>

          
          
          <TextLine ID="eSc_line_38465f54"
                    TAGREFS="LT6"
                    BASELINE="330 405 652 404 756 399 953 398 1071 391 1217 391 1266 387" 
                    HPOS="328"
                    VPOS="366"
                    WIDTH="937"
                    HEIGHT="54">
            <Shape><Polygon POINTS="329 404 329 419 357 416 384 420 387 420 388 420 389 420 390 420 416 411 566 417 567 417 679 408 801 416 809 416 810 416 813 416 836 411 880 415 884 415 885 415 886 415 886 415 901 409 919 413 920 413 920 413 981 404 1052 404 1074 404 1092 412 1093 412 1093 412 1094 412 1159 408 1197 411 1199 411 1200 411 1200 411 1223 404 1263 411 1265 386 1263 366 1215 366 1214 366 1213 366 1213 366 1212 367 1195 377 1161 368 1155 367 1154 367 1146 369 1125 374 1113 370 1108 368 1107 368 1051 368 1050 368 1049 368 1037 372 1008 380 954 381 868 375 856 375 855 375 849 376 833 379 822 377 813 374 813 374 812 374 811 374 800 377 790 379 782 378 759 372 758 372 757 372 756 372 735 378 728 381 722 379 709 374 708 374 707 374 681 380 674 381 667 380 624 373 623 373 582 382 568 385 556 383 518 374 517 374 516 374 477 385 470 387 378 387 377 387 366 383 365 383 364 383 328 388 329 404"/></Shape>
	    <String CONTENT="of Wm Chandler : Sam&#x27;l Holt Sen&#x27;r Samuel Preston Jun&#x27;r:"
                    HPOS="328"
                    VPOS="366"
                    WIDTH="937"
                    HEIGHT="54"></String>
          </TextLine>

          
          
          <TextLine ID="eSc_line_0828c9e6"
                    TAGREFS="LT6"
                    BASELINE="543 496 565 496 592 491 794 486 1034 483 1122 485 1378 479" 
                    HPOS="540"
                    VPOS="441"
                    WIDTH="837"
                    HEIGHT="62">
            <Shape><Polygon POINTS="542 495 542 502 635 498 666 501 680 502 681 502 691 500 709 497 715 500 721 503 722 503 723 503 825 501 826 501 832 498 842 493 878 493 905 498 919 499 920 499 963 497 1063 490 1105 495 1111 495 1112 495 1124 494 1187 490 1236 493 1246 493 1247 493 1252 492 1274 488 1293 492 1295 492 1296 492 1300 492 1347 484 1376 491 1377 478 1375 445 1354 444 1353 444 1353 444 1351 445 1340 450 1276 445 1274 445 1273 445 1273 445 1239 451 1209 447 1208 447 1179 452 1157 446 1139 441 1138 441 1137 441 1136 441 1123 447 1106 455 1059 455 1039 448 1033 445 1032 445 993 445 992 445 991 445 980 448 951 458 913 458 876 458 860 450 852 445 851 445 824 445 823 445 822 445 804 450 765 460 732 451 725 449 724 449 694 449 693 449 693 449 692 449 688 451 679 457 643 451 626 450 626 450 540 452 542 495"/></Shape>
	    <String CONTENT="that they &amp; Every of them be and personaly"
                    HPOS="540"
                    VPOS="441"
                    WIDTH="837"
                    HEIGHT="62"></String>
          </TextLine>

          
          
          <TextLine ID="eSc_line_1c6276ae"
                    TAGREFS="LT6"
                    BASELINE="331 544 843 540 1083 531 1359 527" 
                    HPOS="330"
                    VPOS="501"
                    WIDTH="1029"
                    HEIGHT="51">
            <Shape><Polygon POINTS="331 544 331 548 351 551 351 551 387 548 411 552 412 552 497 546 510 546 517 546 553 551 553 551 589 546 600 545 610 546 642 549 643 549 704 545 713 548 714 548 715 548 750 545 752 545 769 545 1025 545 1025 544 1026 544 1033 542 1045 538 1256 537 1267 540 1268 540 1269 540 1322 535 1337 540 1337 540 1338 540 1339 540 1359 540 1359 527 1357 501 1154 503 1154 503 1139 507 1101 518 1081 518 1043 512 1043 512 970 519 925 512 911 511 910 511 887 513 820 522 788 516 784 516 731 516 730 516 718 518 679 526 622 523 622 523 593 527 476 528 451 525 391 518 390 518 330 528 331 544"/></Shape>
	    <String CONTENT="appear at the Court of Oyer &amp; Terminer to be held by"
                    HPOS="330"
                    VPOS="501"
                    WIDTH="1029"
                    HEIGHT="51"></String>
          </TextLine>

          
          
          <TextLine ID="eSc_line_3cbc28d6"
                    TAGREFS="LT6"
                    BASELINE="334 586 609 584 722 587 911 584 964 580 1092 581 1209 577 1379 578" 
                    HPOS="333"
                    VPOS="552"
                    WIDTH="1046"
                    HEIGHT="50">
            <Shape><Polygon POINTS="334 586 334 602 418 602 419 602 421 601 450 592 552 593 552 593 553 593 573 588 626 594 627 594 660 593 673 596 677 597 677 597 735 599 735 599 753 595 765 593 782 595 784 595 784 595 786 595 836 588 850 591 850 591 914 591 949 583 996 587 996 587 997 587 1012 584 1041 590 1052 592 1052 592 1084 589 1164 582 1238 582 1264 586 1280 589 1280 589 1295 586 1318 581 1344 584 1344 584 1363 580 1377 584 1379 578 1378 563 1279 552 1278 552 1154 553 1073 562 1041 553 1040 553 1019 553 1019 553 1000 554 999 554 968 563 945 558 944 558 897 566 895 567 709 567 683 563 683 563 632 566 611 563 611 563 589 566 572 562 571 562 571 562 536 567 472 564 472 564 406 570 333 570 334 586"/></Shape>
	    <String CONTENT="adjournment on Tuesday Next at Ten of the Clock in"
                    HPOS="333"
                    VPOS="552"
                    WIDTH="1046"
                    HEIGHT="50"></String>
          </TextLine>

          
          
          <TextLine ID="eSc_line_d9ec6252"
                    TAGREFS="LT6"
                    BASELINE="341 625 824 626 1378 631" 
                    HPOS="340"
                    VPOS="591"
                    WIDTH="1037"
                    HEIGHT="47">
            <Shape><Polygon POINTS="340 624 340 633 521 631 534 634 549 637 550 637 564 634 573 632 607 634 666 637 667 637 685 634 705 631 712 634 714 635 715 635 716 635 758 634 820 632 825 634 833 637 834 637 835 637 874 634 886 633 889 634 900 638 900 638 901 638 926 634 943 631 949 634 956 637 957 637 958 637 982 634 1003 631 1057 634 1135 638 1136 638 1137 638 1149 634 1155 632 1181 634 1221 637 1222 637 1238 634 1245 633 1375 634 1377 630 1377 601 1357 596 1356 596 1355 596 1354 596 1343 601 1334 605 1285 605 1263 601 1238 597 1237 597 1213 600 1178 595 1041 594 1040 594 1040 594 1015 601 1000 606 933 606 923 601 906 594 905 594 904 594 852 597 851 597 838 602 833 603 823 602 761 593 760 593 760 593 742 602 738 604 728 602 713 598 712 598 711 598 703 602 699 604 655 602 597 599 596 599 567 602 548 604 500 604 494 602 433 591 433 591 432 591 391 602 387 603 340 603 340 624"/></Shape>
	    <String CONTENT="the Morning there to testifye to the best of their knowledge"
                    HPOS="340"
                    VPOS="591"
                    WIDTH="1037"
                    HEIGHT="47"></String>
          </TextLine>

          
          
          <TextLine ID="eSc_line_e9817137"
                    TAGREFS="LT6"
                    BASELINE="929 602 1048 597" 
                    HPOS="927"
                    VPOS="580"
                    WIDTH="120"
                    HEIGHT="33">
            <Shape><Polygon POINTS="1006 580 997 580 988 580 979 580 970 580 961 580 953 580 945 581 936 582 932 582 927 583 928 601 928 613 961 608 977 611 979 611 980 611 980 611 981 611 993 603 1031 602 1045 607 1047 596 1046 581 1013 580 1006 580"/></Shape>
	    <String CONTENT="the truth"
                    HPOS="927"
                    VPOS="580"
                    WIDTH="120"
                    HEIGHT="33"></String>
          </TextLine>

          
          
          <TextLine ID="eSc_line_5283de84"
                    TAGREFS="LT6"
                    BASELINE="317 669 482 665 1131 673 1373 674" 
                    HPOS="315"
                    VPOS="631"
                    WIDTH="1057"
                    HEIGHT="51">
            <Shape><Polygon POINTS="316 668 315 673 380 674 380 674 382 674 404 669 413 673 414 673 415 673 460 670 486 675 489 675 490 675 493 675 529 669 565 675 570 676 571 676 582 676 653 670 669 676 672 677 673 677 673 677 679 676 708 670 726 677 730 677 731 677 858 678 859 678 868 677 902 672 930 677 940 679 940 679 981 678 1089 674 1197 679 1250 682 1251 682 1269 680 1297 677 1370 680 1372 673 1372 637 1320 649 1272 637 1260 635 1259 635 1216 637 1150 642 1121 637 1089 633 1000 633 1000 633 999 633 984 638 961 646 913 646 895 638 879 631 878 631 814 631 813 631 784 638 780 639 778 638 753 631 753 631 752 631 704 638 694 640 691 638 673 631 672 631 671 631 670 631 654 639 646 643 557 643 549 639 542 637 541 637 540 637 525 639 514 641 507 639 479 631 478 631 477 631 476 631 458 637 402 638 381 634 380 634 316 639 316 668"/></Shape>
	    <String CONTENT="on certain Indictments to be Exhibited against Martha"
                    HPOS="315"
                    VPOS="631"
                    WIDTH="1057"
                    HEIGHT="51"></String>
          </TextLine>

          
          
          <TextLine ID="eSc_line_1563d1ca"
                    TAGREFS="LT6"
                    BASELINE="331 709 697 710 1368 705" 
                    HPOS="330"
                    VPOS="682"
                    WIDTH="1038"
                    HEIGHT="39">
            <Shape><Polygon POINTS="331 709 331 716 384 721 384 721 481 716 581 720 582 720 662 716 704 719 704 719 747 715 771 719 772 719 773 719 787 716 806 719 806 719 932 719 961 713 962 713 999 718 1000 718 1040 715 1103 717 1103 717 1131 713 1264 717 1264 717 1368 711 1368 705 1367 693 1342 693 1341 693 1307 684 1307 684 1267 682 1231 682 1230 682 1186 690 1154 683 1154 683 1153 683 1128 690 1087 688 1087 688 1086 688 1076 691 1062 694 1026 691 1015 690 1014 690 998 690 957 693 927 690 862 684 862 684 839 689 814 696 776 696 738 688 726 687 726 687 717 688 706 691 655 691 654 691 654 691 636 696 593 689 592 689 592 689 564 697 468 697 431 687 427 686 427 686 426 686 330 686 331 709"/></Shape>
	    <String CONTENT="Carrier of Andover hereof fail not at your"
                    HPOS="330"
                    VPOS="682"
                    WIDTH="1038"
                    HEIGHT="39"></String>
          </TextLine>

          
          
          <TextLine ID="eSc_line_79ea4928"
                    TAGREFS="LT6"
                    BASELINE="336 750 518 754 1060 745 1176 747 1323 743 1375 738" 
                    HPOS="335"
                    VPOS="723"
                    WIDTH="1040"
                    HEIGHT="47">
            <Shape><Polygon POINTS="336 750 336 768 345 766 359 768 367 770 368 770 369 770 374 768 398 761 435 761 458 766 458 766 495 761 536 766 538 766 538 766 539 766 540 766 561 760 633 763 634 763 705 758 752 763 752 763 788 760 807 763 811 763 811 763 907 762 913 761 966 755 1059 753 1132 756 1133 756 1134 756 1147 753 1194 758 1195 758 1196 758 1196 758 1232 750 1275 750 1293 757 1294 757 1295 757 1375 756 1375 738 1374 724 1334 724 1333 724 1333 724 1332 724 1315 730 1286 727 1285 727 1262 731 1248 728 1247 728 1213 732 1189 727 1188 727 1187 727 1166 733 1113 733 1075 726 1055 723 1055 723 1033 726 994 733 939 728 939 728 904 737 866 737 804 729 803 729 753 739 676 739 638 739 600 729 591 727 591 727 563 730 545 731 335 731 336 750"/></Shape>
	    <String CONTENT="utmost perill &amp; make return of your"
                    HPOS="335"
                    VPOS="723"
                    WIDTH="1040"
                    HEIGHT="47"></String>
          </TextLine>

          
          
          <TextLine ID="eSc_line_b6516f23"
                    TAGREFS="LT6"
                    BASELINE="336 790 704 799" 
                    HPOS="334"
                    VPOS="763"
                    WIDTH="369"
                    HEIGHT="47">
            <Shape><Polygon POINTS="335 789 334 803 412 803 412 802 413 802 413 802 419 798 424 803 426 803 426 804 426 804 427 804 450 805 451 805 452 805 458 803 468 797 483 803 486 803 487 803 488 803 489 803 493 803 496 801 498 803 500 806 501 806 501 807 502 807 503 807 504 807 601 803 633 802 635 803 648 810 649 810 650 810 651 810 669 803 702 803 703 798 703 777 667 769 666 769 666 769 639 775 619 770 618 770 617 770 616 770 615 770 606 776 603 777 598 776 571 766 570 766 547 766 546 766 546 766 545 766 534 774 533 775 484 775 482 773 472 766 471 766 470 766 469 766 468 766 450 770 433 765 432 765 431 765 430 765 418 772 417 772 416 772 404 767 403 767 402 767 373 770 366 763 366 763 365 763 364 763 363 763 362 763 361 763 353 770 352 770 335 770 335 789"/></Shape>
	    <String CONTENT="doings herein"
                    HPOS="334"
                    VPOS="763"
                    WIDTH="369"
                    HEIGHT="47"></String>
          </TextLine>

          
          
          <TextLine ID="eSc_line_a0167e06"
                    TAGREFS="LT6"
                    BASELINE="41 838 135 836 366 844 407 848 642 854" 
                    HPOS="40"
                    VPOS="805"
                    WIDTH="601"
                    HEIGHT="61">
            <Shape><Polygon POINTS="40 837 40 843 54 850 55 850 56 850 113 845 133 843 140 846 158 853 159 853 160 853 160 853 174 847 180 845 232 845 249 850 276 856 277 856 323 852 360 850 372 854 392 862 393 862 393 862 394 862 417 856 423 854 426 856 435 863 436 863 437 863 455 863 577 866 578 866 579 866 580 866 586 861 588 860 589 861 593 863 593 863 594 863 595 863 606 862 626 858 639 863 641 853 641 826 610 818 609 818 523 820 517 816 516 816 515 816 514 816 513 816 487 823 469 829 438 829 432 823 431 823 430 823 429 823 427 823 393 827 376 822 351 814 350 814 349 814 348 814 330 821 320 825 301 825 295 821 295 820 294 820 293 820 293 820 275 820 246 821 245 820 239 814 239 813 238 813 237 813 219 811 218 811 185 819 180 820 178 819 160 806 160 806 159 806 145 805 144 805 143 805 102 817 99 818 56 818 54 817 48 812 47 812 46 812 46 812 45 812 44 812 40 814 40 837"/></Shape>
	    <String CONTENT="Dated in Salem July 30&#x27;th 1692"
                    HPOS="40"
                    VPOS="805"
                    WIDTH="601"
                    HEIGHT="61"></String>
          </TextLine>

          
          
          <TextLine ID="eSc_line_da5e717e"
                    TAGREFS="LT6"
                    BASELINE="891 817 1265 816 1380 825" 
                    HPOS="889"
                    VPOS="772"
                    WIDTH="490"
                    HEIGHT="81">
            <Shape><Polygon POINTS="890 816 889 840 922 835 923 835 924 835 933 828 969 828 985 836 986 836 986 836 1035 828 1072 830 1118 847 1124 849 1125 849 1126 849 1144 847 1145 847 1146 847 1171 830 1205 829 1220 842 1221 842 1222 842 1223 842 1224 842 1241 834 1269 850 1272 852 1273 852 1273 852 1274 853 1378 853 1379 824 1378 774 1263 776 1262 776 1261 776 1261 777 1251 784 1217 781 1216 781 1215 781 1193 793 1100 793 1084 780 1083 780 1082 780 1081 780 1077 781 1024 790 979 783 976 783 966 773 966 772 966 772 965 772 940 772 940 772 939 772 938 772 919 784 916 785 890 785 890 816"/></Shape>
	    <String CONTENT="Stephen Sewall Cle."
                    HPOS="889"
                    VPOS="772"
                    WIDTH="490"
                    HEIGHT="81"></String>
          </TextLine>

          
        </TextBlock>
        

        
      </PrintSpace>
    </Page>
  </Layout>
</alto>
