2393 3839
737 125 1116 113 Salem May the 28'th 1692

364 268 1956 132 Joseph Houlton and John Walcot both of Salem

243 377 2079 107 village Yeomen made Complaint in behalfe of

354 447 968 96 theire Majes'ts against

349 513 1785 105 wife of Thomas Carrier of s'd Towne husbandman

1465 443 853 100 Carrier of Andover the

343 580 1139 132 fosdick  of Maulden or charlstown

579 639 1734 154 Reed of Marblehead the wife of Samull Reed of s'd place

601 733 1678 124 Rice of Reding the wife of Nicholas Rice of s'd Towne

627 810 1644 126 How the wife of James How of Topsfeild Capt

341 870 1956 145 John Alden of Boston Mariner, William procter of

336 946 1954 169 Salem farmes, Capt John flood of Rowley marsh Mary

343 1034 1930 166 Toothaker, the wife of Roger toothaker of Belrica, and

633 1084 1648 189 Toothaker the daughter of s'd Roger Toothaker

701 1168 1619 167 Abott that lives between Ips. Topsfeild & wenham

351 1245 1943 201 for sundry acts of Witchcraft by them and Every one

317 1326 2007 192 of them Committed on the Bodys of Mary Walcot, Abigail

349 1407 1960 181 Williams Marcy Lewis Ann putnam and Others belonging

356 1486 1923 173 to Salem Village or farmes Lately, to the hurt and

328 1556 1781 209 Injury of theire bodys therefore Craves Justice.

1616 1676 602 128 Joseph houlton

1529 1795 665 182 John Walcutt

121 2273 785 107 Carrier of Andover --

1228 2268 425 150 -Marshall Essex

108 2360 1205 111 Reed of Marblehead--Const--

93 2448 1235 104 Rice of Reding--Const---

99 2517 1327 144 How of Topsfeild---Cons

124 2607 1238 173 Wm procter ---Const--
