3230 4506
698 140 471 67 ination of

1940 130 781 82 The examination of

2854 147 15 43 .

678 180 536 95 Sarah Wilds

1832 175 591 100 William Hobbs

413 242 981 110 At a Court held at Salem Village

2050 220 669 122 At the Same Court

2796 165 111 172 164

500 315 661 118 1692 by the wor:

1855 335 801 103 ath this man hurt you?

698 410 488 85 John Hathorn

1867 410 754 100 everal answered yes;

693 480 614 123 Jonathan Corwin.

1867 478 689 105 dy Bibber said no.

395 583 994 122 The Sufferers were siezed with

1825 555 1102 118 at say you, are you guilty or not?

508 665 894 98 the accused came into the Court

1822 633 1232 107 can speak in the presence of God safely, as

1815 715 1237 96 must look to give account another day,

465 773 937 95 Hath this woman hurt you?

1770 781 1101 97 that I am as clear as a new born babe.

523 878 769 95 Oh she is upon the beam.

1810 848 568 95 Clear: of what?

1805 923 481 93 Of Witchcraft

473 968 1157 108 Goody Bibber that never saw her before said

1815 966 904 125 Have you never hurt these?

473 1043 1109 101 said she saw her now upon the beam, & then

1860 1073 110 73 No.

508 1111 791 105 said Bibber fell into a fit

1807 1083 1242 161 Have you not consented that they should

485 1209 1172 110 What say you to this are you guilty or not?

1872 1184 316 80 be hurt?

478 1271 673 115 I am not guilty Sir.

1855 1231 1154 120 Abigail Williams said, he was going to

1890 1311 1137 108 Mercy Lewes, & quickly after said Lewes

488 1351 1081 133 Is this the woman? speaking to the afflict

1902 1391 724 103 was seized with a fit.

495 1454 974 103 Thay all, or most, said yes, & then fell

1860 1441 1202 123 Then said Abigail cryed, he is coming to

490 1537 919 102 What do you say, are you guil

1820 1532 1232 125 Mary Walcot , & said Mary presently fell into

493 1617 743 97 I thank God I am free.

1842 1617 318 102 a fit also.

498 1689 856 103 Here is a clear evidence that

1890 1664 1169 113 w can you be clear when the Children

505 1752 814 112 been not only a Tormenter

1927 1734 992 128 somthing come from you & afflict

510 1834 809 101 You have caused one to sig

1925 1824 353 106 ese persons?

513 1907 819 113 book, the night before last

1892 1872 1012 130 Then they fell into fits & halloo'd

515 2002 499 100 you say to this?

1870 1965 383 117 red greatly.

583 2050 826 95 never saw the book in my life

1852 2032 814 128 ur  wife before you God wa

731 2120 365 85 sons before

1817 2117 827 95 open her mouth, & she ha

733 2160 689 123 e afflicted fell into fits

1830 2185 789 105 session: And you seen to

588 2260 811 103 you deny this thing that is

1855 2270 303 95 before us.

678 2333 704 102 All fell into fits, & con

1867 2323 739 117 m clear of any Witch.

585 2398 769 110 that the accused hurt th

1890 2395 919 115 at do you call it, and over-look

523 2478 804 127 Did you never consent that

1897 2473 984 117 m? you look upon them & they are

605 2568 311 88 be hurt?

1895 2560 593 88 urt none of them.

558 2633 591 103 Never in my life.

1842 2605 1130 133 hen they all fell into great fits again

618 2708 766 103 She was charged by some

1787 2678 1270 155 When were you at any publick Religious meeting

568 2781 869 97 with  hurting John Herricks mo

1750 2783 608 113 Not a pretty while

595 2848 697 103 The accused denyed it.

1832 2866 256 97 Why so?

613 2913 861 116 Capt'n How gave in a relation

1782 2883 1222 148 Because I was not well: I had a distempe

553 2978 1041 126 confirmation of the charge before made

1857 2986 551 100 that none knows.

583 3071 1009 103 She was ordered to be taken away, &

1812 3024 1250 152 Can you act Witchcraft here, & by casting your

595 3151 1022 103 they all cryed out she was upon the

1837 3121 784 128 eyes turn folks into fits?

575 3211 659 140 Beam, & fell into fits.

1810 3176 1234 153 You may judge your pleasure, my soul

1862 3289 256 77 is clear;

1800 3296 1209 156 Do you not see you hurt these by your look

1810 3407 711 122 No. I do not know it.

1802 3457 1245 160 You did not answere to that question, dont

1835 3564 668 108 you over-look them?

1785 3632 824 143 No I don't over-look them.

1815 3692 1217 158 What do you call that way of looking upon

1812 3790 907 125 persons, & striking them downe?

1800 3882 909 125 You may judge your pleasure.

1792 3957 894 118 Well but what do you call it?

1802 4070 551 75 It was none of I.

1797 4138 531 47 Who was it then?

1795 4165 731 98 I cannot tell who they are.

1740 4218 1334 190 Why they say, they see you going to hurt persons & imme
