4206 5286
381 361 3352 232 Richard Carriers: Confession July 22: 1692

321 541 3210 225 Q. have you bin in the devils snare A: yes.

295 704 282 212 Q is

604 700 3231 264 yo'r bro: Andrew ensnared by the devils snare: A Yes

452 842 3501 268 how long has yo'r brother bin a witch: near; a month

469 983 3484 250 how long: have you bin a wich: A: not long; Q have you

471 1110 3593 295 joined in aflicting the aflicted persons: A: Yes: Q. you help't

452 1271 590 153 to hurt

1066 1312 2998 242 Timo: Swan: did you A yes. Q. how long: have you

455 1412 3568 258 bin a wich: A abo't five weeks: who was in Company when

440 1541 265 132 you

736 1554 3289 274 ovnanted with the devill: A Mrs Bradbery did she help

132 1612 617 273 you afflict

484 1643 847 215 what was the

1371 1703 2529 226 ocasion: mrs Bradbery: would have to afflict

449 1828 3620 220 Timo. Swan: A becaus: her husband & Timo Swan fell

446 1964 3551 215 out about a scyth: I think: Q. did they not fall out abot

425 2082 3014 217 thaching of a barn: to A no not as I know of

273 2196 3739 250 Q. who was att the Villadge meeting when you was there.

446 2337 3574 226 A goodwife How : goodwife Nurs g wildes , Procter: & his

464 2469 3589 235 wife mrs Bradbery : & Gorys wife: Q: was any of Boston

420 2596 3612 217 there A no: Q how many was there in all: A: a duzzen

475 2713 3158 220 I think: was Jno Willard there A I think he was:

264 2854 3783 198 Q. what kind of man is Jno willard: a young man or an

452 2966 3557 211 old man A he is not an old man: he had black hair

260 3101 3588 202 Q what meeting was this meeting: was this: that: that was

437 3233 3601 197 near: Ingersals: A Yes I think Q. what did they do then.

286 3334 3739 220 A. the: eat & they drank wine: was there: a minister. there

449 3462 3540 198 A. no: not as I know of: whence had you your wine: A. from

423 3568 1340 185 Salem I think was

1745 3559 261 110 from

1765 3609 2109 238 Q. goodwife Olliver there: yes I

411 3720 804 182 knew her
