2442 3792
448 96 1355 152 Salem Aprill the 21'th 1692

322 246 1996 164 There Being Complaint this day made (before us)

391 374 1806 108 by Thomas Putnam and John Buxton of

364 448 1926 125 Salem Village Yeomen, in behalfe of their

383 537 1915 135 Majest's, for them selfes and also for severall of

1948 617 363 67 husbandman

391 636 1920 132 theire Neighbours, Against W'm Hobbs and Delive'

391 724 1907 122 his wife, Nehemiah Abot Jun'r weaver. Mary Easty

385 808 1936 129 the wife of Isaac Easty and Sarah Wilds the wife

398 895 1826 126 of John Wilds all of the Towne of Topsfield and

1839 893 236 67 or Ipswitch

385 966 1949 154 Edward Bushop husbandman & Sarah his wife of

379 1055 1949 154 Salem Village, and Mary Black a Negro of Leut't Nathaniel

400 1143 1932 152 Putnams of Salem Village also And Mary English

381 1236 1924 148 the wife of Phillep English Merchant in Salem

391 1314 1937 152 for high Suspition of Sundry acts of Witchcraft

368 1392 1932 156 donne or Committed by them Lately upon the

375 1483 1923 158 Bodys of Anna Putnam & Marcy Lewis belonging

408 1567 1930 156 to the famyly of the aboves'd Thomas Putnam Complain't

404 1647 1920 164 and Mary Walcot the daufter of Capt Jonat' Walcot

419 1740 1919 153 of s'd Salem Village and others, whereby great hurt

410 1826 1909 137 and dammage hath benne donne to the bodys of said

408 1906 1932 154 persons above named therefore Craved Justice.

332 2032 2008 169 You are therefore in theire Majest's names hereby

427 2129 1918 135 required to Apprehend and bring before us William

613 2237 263 65 husbandman

404 2258 396 101 Hobs and

969 2207 1371 120 his wife Nehemiah Abot Jun'r weaver

410 2285 1935 141 Mary Easty the wife of Isaac Easty and all the rest

419 2372 1928 139 above named to Morrow aboute ten of the Clock in

417 2443 1934 167 the forenoon at the house of Leiut Nath'll Ingersalls

421 2544 1913 148 in Salem Village. in order to theire Examination

415 2635 1932 150 Relateing to the premises abovesayd and hereof you

423 2734 1848 133 are not to faile Dated Salem Aprill 21'th 1692.

1386 2865 763 139 John Hathorn &

395 2951 1034 161 To: Geo: Herrick Marshall

1448 2964 674 186 Jonathan Corwin

425 3067 986 122 of Essex and any or all the

436 3155 845 127 Constables in Salem

431 3252 1113 146 or Topsfeild or any other Towne
