2460 3421
233 161 2139 122 the deposistion of Mircy Lewes who testifieth and saith that one the

248 245 2132 122 7'th of may 1692 att evening I saw the apperishtion of Mr. George Burroughs

83 330 633 82 whom i very well knew

247 330 2129 129 which did greviously tortor me and urged me to writ in his Book and

241 389 2131 146 then he brought to me a new fashon book which he did not use to

249 458 2117 157 bring and tould me I might writ in that book: for that was a book that

243 541 2095 148 was in his studdy when I lived with them: but I tould him I did not

243 619 2095 156 beleve him for I had been often in his studdy but I never saw that

245 701 2106 144 book their: but he tould me that he had severall books in his studdy

241 784 2110 118 which I never saw in his studdy

251 869 944 117 and he could raise the divell:

904 923 1419 128 and now had bewicthed Mr. Sheppards daughter

247 993 2060 156 and I asked him how he could goe to be wicth hir now he was keept at

245 1077 2095 141 Salem: and he tould me that the divell was his sarvant and he sent

239 1144 2074 167 him in his shapp to doe it then he againe tortored me most dreadfully

239 1208 2110 179 and threatened to kill me for he said I should not witnes against him

247 1296 2106 152 also he tould me that he had made Abigaill Hoobs: a wicth and severall more

249 1349 2095 186 then againe he did most dreadfully tortor me as if he would have

254 1433 2088 167 racked me all to peaces and urged me to writ in his book or elce he

250 1503 2109 165 would kill me but I tould him I hoped my life was not in the power

241 1567 2114 181 of his hand and that I would not writ tho he did kill me: the next night

228 1653 2108 186 he tould me I should not see his Two wifes if he could help because

245 1746 2074 164 I should not witnes agast him this 9'th may mr Burroughs caried me up

228 1824 2059 162 to an exceeding high mountain and shewed me all the kingdoms of

226 1887 2129 186 the earth and tould me that he would give them all to me if I would

230 1967 2049 167 writ in his book and if I would not he would thro me down and

231 2025 2063 204 brake my neck: but I tould him they ware non of his to give and

233 2119 2073 180 I would not writ if he throde down on 100 pichforks: also on the

231 2195 2109 167 9'th may being the time of his examination mr. George Burroughs did

235 2290 1899 131 most dreadfully torment me: and also several times sence

70 2339 2289 146 marce luis uppon har oath did owne this har testimony to be the truth be fore the

136 2453 1082 89 Juriors for In quest:agust:3: 92.

211 2522 2159 169 we whose names are under writen being present hard mircy lewes

218 2632 2091 125 declare what is above writen what she said she saw and hard

224 2719 2123 126 from the Apperishtion of Mr George Burroughs and also beheld hir

218 2814 2145 112 tortors which we cannot express for sume times we ware redy to fear

216 2902 2141 98 that every joynt of hir body was redy to be displaced: also we per

174 2964 2132 132 ceived hir hellish temtations by hir loud out cries mr.Burroughs

211 3050 1484 112 I will not writ in your book tho you doe kil me

1775 3113 515 106 Thomas putnam

1176 3179 487 221 Jurat in Curia

2066 1636 45 63 it

1195 2140 77 83 me
