1200 1811
284 14 856 67 The deposition of John Rogger of Billreca

303 67 787 76 aged 50 yeares or Thereabouts Saith

304 147 815 73 That about Seven yeares since Martha

307 197 849 65 Martha Carrier being a Nigh Neigbour unto this depon't

312 244 819 63 and there hapening some difference betwixt

314 287 787 55 us she gave forth severall threatning

304 324 804 57 words as she often used to doe and in

315 355 814 66 a short time after this deponent had two

304 390 812 85 large lusty Sowes w'ch frequented home daily

303 437 838 87 that were lost & this deponent: found one

313 486 822 79 of them dead Nigh the s'd Carriers house w'th

892 525 52 37 sow

313 517 832 94 both Eares cut of & the other I Never heard

321 563 809 80 of to this day; & the same summer to the best of

316 600 814 91 my rembrance I had a Cow w'ch used to give

608 659 89 36 milke

310 646 831 77 a good Mess of twice a day & of a sudden

305 686 854 91 she would give little or None Every Morn

294 738 848 75 =inghough a Nights she gave as formerly

298 790 808 66 and this Continued above the space of a

302 830 815 67 month in w'ch time I had three Meals

305 871 853 76 milke on three severall Mornings not

303 920 861 73 successively: and no more though One Night

304 964 784 77 three of us Watched the Cow all night

481 1006 667 71 yet I could have no milke in

318 1055 809 65 the morning of her & about the monthes End

306 1091 828 70 she gave milke as formerly she used

311 1130 847 78 by all w'ch. I did in my Conscience beleive

318 1175 788 70 then in the day of it & have so done

311 1218 762 62 Ever since & doe yet beleive that

296 1266 860 58 Martha Carrier was the occasion of those

313 1311 816 70 Ill accidents. by Meanes of Witchcraft -

227 1362 909 67 she being a very Malicous Woman -

305 1415 420 70 & further Saith Not

882 1393 171 59 mark of

732 1433 136 84 John

966 1445 153 89 Rogger

607 1726 419 56 Ing. Sam Holt Andover about M.C.

612 1771 382 38 Capt. Danforth Billerica
