966 1390
89 91 849 52 Benjemin huchension s'd that one the 21'st aprell 92

92 128 817 58 abegeral wiluams s'd that there.was a lettell

91 168 844 47 black menester that Lived at Casko bay he told me so

91 206 854 51 and s'd that he had kild 3 wifes two for himself

91 242 857 58 and one for mr Losen and that he had made nine

95 286 852 51 Weches in this plase and s'd that he Could hold out

95 324 848 52 the hevest gun that Is in Casko bay no man

694 325 42 35 wth

760 324 52 30 one

825 325 74 29 hand

99 356 843 62 Can Case hold out w't both. hands this Is about a

102 401 851 47 ll a clock and I ask her Where about this lettel

89 442 863 64 man stood s'd she Just where the Cart wheell went

93 484 841 62 along I had a 3 graned irne fork in my hnad and

96 527 176 60 I thru it

91 581 813 73 stud and she presently feell in a letel feet

625 532 296 66 wher she said he

83 634 852 66 and when it twas over you have toren his coot

489 635 144 44 Said She

77 682 858 63 for I hard it tare wher abouts said I one won

68 729 279 53 side said she

70 802 873 66 then we come into the house of left Ingersoll

63 850 864 63 I went into the great Roome and abigle come

109 893 780 78 and said ther he stands I said wher wher

59 944 851 66 and presently draed my rapyer but he

56 990 865 72 emmedetly was gon as she said then said she

60 1033 325 58 ther is a gray catt

401 1048 87 55 then

46 1071 275 61 she stand ther

488 1055 437 59 i said wher abouts doth

288 1125 618 81 with my rapyer then she fell in

440 1094 498 62 she ther than I struck wit

64 1157 854 103 afitt and when it was over she said you

63 1209 832 88 kild hur and immedetly Sary good come

57 1240 198 53 and carrid

309 1266 180 47 hur away

567 1270 303 79 this was about

591 1314 147 44 12 a clock
