5323 3121
343 260 4829 189 The depotion of Hannah Harres Aiged twenty seven yeares or thareabouts

346 418 4381 206 Testifieth and saith that she Lived at the hous of Georg Burros

4126 429 824 122 at falmouth

379 556 4764 255 & the above said hannah harres many times hath taken notic that when

395 738 4639 208 she hath had anny Discorse with the above said burross wife when

408 894 4706 200 the above said burros was from hom that apone has Returne he

381 1078 4654 159 hath often scolded wife and told her that he knew what they said

376 1232 4631 136 when he was abroad and further saith that upone a time when

402 1394 4730 145 his wife had Laine In Not above one weak that he fell out with his

405 1522 4668 159 wife and kept her by Discorce at the Dore till she fell sicke In the

383 1680 4600 135 place and grew wors at night so that the above said hannah harres

424 1834 4585 156 was afraid she would dye and thay called In thare Naibours and

421 1950 4751 234 the a bove said burroses Daughter told One of the women that was thare

491 2111 4472 219 the cause of her mothers Ellness and the a bove said burros chid his

481 2262 4568 245 Daughter for telling and the a bove said burros Came to the above

460 2434 4569 239 said hannah harres and told her If that his wif Did otherwise

476 2577 4675 255 than well she should not tell of It & the abovsaid hannah harres

452 2699 4553 268 told him that she would not be confined to anny such thing

1219 2893 1129 97 Jurat in Curia
