1240 1754
1171 93 52 45 1692

25 117 1198 56 The deposistion of Ann putnam who testifieth and saith that on the 5'th of may

37 159 1160 60 at evening I saw the apperishtion of Mr George Burroughs who greviously

35 201 1188 60 tortored me and urged me to writ in his book which I refused then he tould

33 246 1194 50 me that his Two first wives would appeare to me presently and tell me a grat many

34 284 1189 58 lyes but I should not beleve them:then immediatly appeared to me the forme

39 327 1191 61 of Two women in winding sheats and napkins about their heads: att which I was

39 370 1174 67 gratly affrighted: and they turned their faces towards Mr. Burroughs and

33 402 1189 73 looked very red and angury and tould him that he had been a cruell man

32 438 1169 76 to them.and that their blood did crie for vengance against him: and also

32 472 1188 86 tould him that they should be cloathed with white Robes in heaven, when he

35 504 1184 102 should be cast into hell: and immediatly he vanished away: and as soon as he

33 543 1192 100 was gon the Two women turned their faces towards me and looked as pail as

36 589 1192 93 a white wall: and tould me that they ware mr Burroughs Two first wives

32 621 1198 98 and that he had murthered them: and one tould me that she was his first wife

32 667 1193 84 and he stabed hir under the left Arme and put a peace of sealing wax on the

30 697 1195 92 wound and she pulled aside the winding sheat and shewed me the place and

30 739 1201 84 also tould me that she was in the house Mr parish now lives w'n it was don,

35 767 1200 93 and the other tould me that Mr Burrough and that wife which he hath now

162 828 643 46 in the vessell as she was coming to se hir friends

35 828 912 76 kiled hir because they would have one another: and they both charged me

1118 844 64 37 face

28 860 1194 77 that I should tell these things to the Magestraits before Mr Burroughs and if

29 909 1192 75 he did not own them they did not know but that they should appere

30 959 1196 66 their: thes morning also Mis Lawson and hir daughter Ann appeared to me

28 1001 1196 69 whom I knew: and tould me that Mr Burroughs murthered them: this morning

37 1042 1180 64 also appeared to me another woman in a winding sheat and tould me that she was

36 1079 1194 66 goodman fullers first wife and Mr Burroughs kiled hir because there was sum

38 1114 1197 66 differance between hir husband and him: also on the 9'th may dureing the time

47 1150 1188 68 of his examination he did most greviously torment and afflect Mary Walcott

37 1182 1192 71 mercy lewes Eliz Hubburd and Abigail williams by pinching prick'g and choaking them

109 1249 1107 72 whose names are under written being present with ann putnam at the

825 1220 321 47 Jurat in Curia

31 1299 1170 56 times above mentioned: saw hir tortured and hard hir refuse to writ in the

30 1341 1171 56 book also hard hir declare what is above writen: what she said she saw

26 1380 1056 52 and hard from the Apperishtion of Mr. George Burroghs and from thos which acc

28 1420 369 50 for murthering of them

18 1453 726 61 Ann putnam ownid this har testimomy to be the

822 1442 325 53 Edward putnam

15 1488 746 61 truth uppon har oath.before the Juriars of Inquest

17 1526 331 59 this: 3. dy of agust 92

892 1521 270 66 Thomas putnam
