1400 951
171 59 1171 45 Sarah Churchwell confesseth that Goody pudeator brought the book to this Examin't

168 105 1178 54 and she signed it, but did not know her at that tyme but when she saw her she knew

160 155 1184 38 her to be the same and that Goody Olliver appeared to this Examinant & told her

601 136 127 29 Bishop also

163 192 1165 41 she had killed John Trask's Child, (whose Child dyed about that tyme) & said

43 238 1309 36 Bishop alias Olliver afflicted her as alsoe did old George Jacobs, and before that

174 283 1179 38 this Examin't being afflicted could not doe her service as formerly and her s'd

163 330 1194 39 Master Jacobs called her bitch witch & ill names & then afflicted her as

1274 315 82 23 above

168 368 1190 40 and that pud Eater brought 3: Images like Mercy Lewis, Ann putnam, Eliz'a

168 416 1189 37 Hubbard & they brought her thornes & she stuck them in the Images & told her

166 458 1191 44 the persons whose likeness they were, would be afflected & the other day saw

163 512 586 39 Goody Olliver sitt sate upon her knee,

1024 515 329 41 Jurat in Curia

72 538 758 48 This Confession was taken before us John Hathorne

1024 548 74 37 by

1103 554 242 51 Sarah Churchill

69 572 793 56 and Jonathan Corwin Esq'rs the 1 day of June 1692, as attests

663 623 281 62 Tho Newton
