1400 1981
286 9 945 83 The deposition of Phoebe Chandl'r aged about 12 years:

25 83 1289 77 Testifieth That about a fourthnight before Martha Carrier , was sent for to

152 143 1144 61 Salem to be examined, upon the Sabbath day when the psalm was

152 180 1164 78 singing, s'd Martha Carrier took me s'd deponent by the shoulder & shaked

151 224 1167 85 me, in the meeting house & asked me where I lived: but I made her noe

148 267 1172 89 answere, (not doubting but that she knew me, having lived some time the

145 313 1171 97 next door to my fathers house, on one side of the way) & that day that

140 338 200 54 s'd Martha

355 368 958 84 Carrier was ceased, my mother sent me to Carry some

139 395 1170 88 bear to the folks that were att work in the lott, & when I came within

139 436 1176 94 the fence there was a voice in the bushes(which I thought was Martha

127 482 1176 93 Martha Carriers voice, which I knowe well) but saw noe body, & the voice asked

125 523 1190 98 me, what I did there & whether I was going: which greatly frighted

139 555 58 43 me

199 565 1092 93 soe that I run as fast as I could to those att work, & told them

133 604 1155 115 what I had heard, about an hour & half, or two hours after, my

136 649 1179 112 mother sent me again upon the same occasion, to the workmen aboves'd

141 693 1167 112 and Coming home, near the place aboves'd where I heard that

132 734 209 51 voice before

135 760 137 58 I should

278 779 57 44 be

377 752 930 115 I heard the same voice, as I judged, over my head, saying

341 791 134 63 poysoned

119 806 151 71 happened

497 814 775 91 within two or three days, accordingly

304 838 1009 110 as I Conceive, for I went to my sister Allens farm the same

981 825 95 40 which

117 853 1178 140 day, and on friday following, about one half of my right hand was

115 912 1193 124 greatly swolen & exceeding painfull, & allsoe part of my face, which

121 950 679 92 I can give noe account how it Came

123 980 475 87 days, & severall times

122 1034 290 65 upon my breast,

607 1032 696 96 I have been troubled with a great weight

819 1009 483 73 & Continued very bad some

123 1070 148 50 soe that

429 1049 340 86 & upon my leggs,

275 1079 246 74 I could hardly

774 1084 531 94 when I have been going about,

110 1114 1197 148 And the last sabbath day was seaven night, I went to meeting very well

551 1119 736 101 goe, which I have told my mother of:

112 1168 1181 141 in the morning, & went to my place where I used to sitt (the ministers

112 1207 157 41 not being

278 1219 120 59 Come)

108 1250 424 82 very earnestly upon me,

409 1228 185 66 & Richard

607 1259 677 91 Carrier son of aboves'd Martha looked

113 1282 918 152 been poy-soned as aboves'd, began to pain me greatly,

548 1295 759 108 & imediately my hand which had formerly

102 1322 474 107 burning att my stomake,

105 1365 282 86 hear any of the

157 1417 202 65 the singing:

417 1412 861 123 prayer, nor singing, tell the two or three last words

525 1385 782 107 & then was struck deaf that I could not

1043 1381 264 76 & I had a strange

430 1500 279 66 Jurat in Curia

749 1507 153 75 Phoebe

897 1497 219 64 her mark

957 1535 39 60 M

1031 1549 182 55 Chandler

194 1569 1053 124 Bridget Chandler aged 40 years Mother to the s'd Phoebe

254 1633 536 78 Testifieth that in the day of

801 1668 399 69 it her daughter

281 1689 763 99 Complained as above is Expressed.

714 1800 359 69 Jurat in Curia
