3839 3060
497 165 2903 174 The diposition of Sarah Ingelson Aged about 30 yers: saith

493 336 3240 138 that seing Sarah Church after hur exsamination She came to me

482 443 3175 158 Crieng and wringing hur hands seming to be mutch trobeled in

479 527 3242 193 Sparet I asked hur what she ailed she answered she had undon hur self

466 622 3268 214 I asked hur in what she saied in belieng hur salfe and others in saieing she

448 710 3282 265 had seat hur hand to the divells Book whairas she saied she naver

469 831 3252 236 did I told her I beleved she had saet hur hand to the Book she

447 950 3257 240 answered Crieng and said no no no: I naver, I naver did I asked

460 1190 976 112 then what had maed

1485 1057 2037 212 hur say she did she answered because they

464 1188 3233 217 thratened hur: and told hur thay would put her in to the dungin and put

494 1303 3219 204 hur along with mr Borows and thus saverall times she folowed one

489 1431 3244 185 up and downe tealing me that she had undon hursalfe in be lieng hur salf

2341 1541 1372 128 writ it she tould me be Cause she

479 1567 1625 185 and others I asked hur why she did

2397 1644 1278 123 darst not she saied allso

477 1698 1867 175 had stood out so long in it that now she darst not she

487 1751 2931 243 that If she told mr Noys but ons she had sat hur hand to the Book

3497 1785 211 125 he

470 1897 3253 212 would be leve her but If she told the truth and saied she had not

489 2004 3145 257 seat her hand to the Book a hundred times he would not beleve

508 2245 219 90 hur:

1693 2312 343 215 Sarah

2089 2320 362 189 Ingrsol

1015 2470 405 164 Anna:

1461 2504 347 193 And

1834 2550 367 158 Russe
