1404 2054
206 150 1148 70 The: Deposition of Simon Willard aged:about forty two years sayth:

222 193 1160 64 I being att the house of Mr Robt Lawrance: at falmoth in Casco Bay: in

226 235 1141 59 Septemb'r 1689 s'd Mr Lawrance was commending Mr George Borroughs

215 269 1160 64 Borroughs his strength: saying that we none of us could doe what

220 305 1162 64 he could doe: for s'd he Mr Borroughs can hold out this gun with one

220 338 1150 68 hand Mr. Borroughs being there: sayd I held my hand here behind the

219 379 1152 62 lock: and took it up: and held it out. I s'd deponant saw Mr

211 401 1171 77 Borroughs: put his hand on the gun: to show us: how he held it and where

214 437 1169 77 he held his hand:and saying there he held his hand when he held s'd

229 491 853 52 gun out: but:I saw him not hold it out then:

227 514 1134 64 s'd gun was about or near seven foot barrill:and very hevie: I then

219 550 1157 76 tryed to hold out s'd gun with both hands: but could not do it long

226 602 438 64 enough to take sight

859 611 534 82 Simon Willard Jurat in Curia

131 678 686 60 Simon willard owned:to the Jury of inquest: that the

862 677 508 68 Capt Wm Wormall Sworne

65 721 528 50 above written evidence: is the truth Aug'st 3: 1692

854 734 512 54 to the above & that he Saw

853 777 497 46 him Raise it from

870 814 467 55 the ground, himselfe

1003 876 335 52 Jurat in Curia

236 1137 260 33 The Deposition

233 1147 1131 64 I being at Saco in the year some: in Capt Ed Sarjants garison

232 1185 1136 61 was speaking of mr George Borroughs his great strength saying he

228 1222 1148 61 Could take:a barrill of mallasses out of a Cannoe or boat alone: and

229 1256 1148 67 that he Could. take it in his hands or arms out of the Cannoo or boat and

236 1294 1131 55 carry it and set it on the shore: and mr Borroughs being: there sayd

236 1332 1125 53 that he had carryed one barrill of molasses.or sider: out of a cannoo

230 1368 1100 49 that had like to have done him a displeasure: s'd mr Borroughs

233 1399 1137 53 intimated: as if he did not want strength to do it but the disadvantage

236 1428 1132 72 of the shore was such: that his foot slipping in the sand: he had like

230 1478 425 59 to have strained his legg

143 1531 656 67 Simon Willard ownd: to the Jury of Inquest, that the

861 1507 323 78 Simon Willard

140 1578 451 56 above written evidence is the truth

881 1620 356 61 Jurat in Curia
