3705 5704
957 282 2446 152 The answer of Mary Bradbury in the charge

1045 399 2118 161 of Witchcraft or familliarity with the Divell

1146 527 1051 133 I doe plead not guilty.

456 589 3109 174 I am wholly inocent of any such wickedness through the

399 725 3163 162 goodness of god that have kept mee hitherto) I am the servant

404 827 3086 194 of Jesus Christ & Have given my self up to him as my only lord

380 976 3118 142 & saviour: and to the dilligent attendance upon him in all his

348 1090 3131 152 holy ordinances, in utter contempt & defiance of the divell,

367 1210 3141 162 and all his works as horid & detestible; and accordingly have

370 1305 3148 209 endevo'red to frame my life; & conversation according to the rules

367 1448 3109 206 of his holy word, & in that faith & practise resolve by the help

364 1600 2542 168 and assistance of god to contineu to my lifes end:

358 1723 3128 181 for the truth of what I say as to matter of practiss I humbly

373 1853 3122 187 refer my self, to my brethren & neighbors that know mee

358 1983 3077 175 and unto the searcher of all hearts for the truth & uprightness

370 2113 3157 171 of my heart therein: (human frailties, & unavoydable infirmities

356 2224 2697 242 excepted) of which i bitterly complayne every day:/

2545 2376 868 225 Mary Bradbury
