<?xml version="1.0" encoding="UTF-8"?>
<alto xmlns:xsi="http://www.w3.org/2001/XMLSchema-instance"
      xmlns="http://www.loc.gov/standards/alto/ns-v4#"
      xsi:schemaLocation="http://www.loc.gov/standards/alto/ns-v4# http://www.loc.gov/standards/alto/v4/alto-4-2.xsd">
  <Description>
    <MeasurementUnit>pixel</MeasurementUnit>
    <sourceImageInformation>
      <fileName>ecca1166r_top.jpg</fileName>
      
    </sourceImageInformation>
  </Description>
  
  <Tags>
    <OtherTag ID="BT1" LABEL="Title" DESCRIPTION="block type Title"/><OtherTag ID="BT2" LABEL="Main" DESCRIPTION="block type Main"/><OtherTag ID="BT3" LABEL="Commentary" DESCRIPTION="block type Commentary"/><OtherTag ID="BT4" LABEL="Illustration" DESCRIPTION="block type Illustration"/><OtherTag ID="BT6" LABEL="text" DESCRIPTION="block type text"/>
    <OtherTag ID="LT6" LABEL="default" DESCRIPTION="line type default"/>
  </Tags>
  
  <Layout>
    <Page WIDTH="2304"
          HEIGHT="1469"
          PHYSICAL_IMG_NR="3"
          ID="eSc_dummypage_">
      <PrintSpace HPOS="0"
                  VPOS="0"
                  WIDTH="2304"
                  HEIGHT="1469">
        
        <TextBlock HPOS="55"
                   VPOS="45"
                   WIDTH="2173"
                   HEIGHT="1335"
                   ID="eSc_textblock_0933d5d9"
                   TAGREFS="BT6">
          <Shape><Polygon POINTS="284 45 395 55 590 45 675 71 746 52 757 81 783 84 1433 62 1478 62 1573 88 1668 65 1925 71 2039 62 2206 78 2222 101 2225 140 2206 300 2206 368 2225 437 2219 687 2206 736 2176 759 2219 806 2225 841 2219 864 2170 904 2176 939 2163 991 2209 998 2228 1028 2228 1102 2163 1145 2140 1207 2088 1249 1944 1262 1364 1255 1256 1269 904 1275 783 1288 763 1304 721 1308 704 1318 688 1366 652 1376 303 1380 166 1366 150 1312 120 1288 146 1252 146 1025 114 942 114 894 140 744 169 694 173 548 192 498 179 423 189 303 175 283 71 279 55 257 55 218 84 156 140 173 188 163 215 84 254 52 284 45"/></Shape>
          
          
          <TextLine ID="eSc_line_f244c076"
                    TAGREFS="LT6"
                    BASELINE="234 182 301 177 413 177" 
                    HPOS="233"
                    VPOS="146"
                    WIDTH="180"
                    HEIGHT="44">
            <Shape><Polygon POINTS="234 185 292 190 293 190 313 186 327 184 336 187 343 190 344 190 345 190 346 190 355 187 369 184 412 188 413 177 412 159 393 159 392 159 378 149 377 149 376 149 346 154 328 154 319 146 318 146 317 146 280 146 279 146 278 146 261 161 233 161 234 182"/></Shape>
	    <String CONTENT="John"
                    HPOS="233"
                    VPOS="146"
                    WIDTH="180"
                    HEIGHT="44"></String>
          </TextLine>

          
          
          <TextLine ID="eSc_line_4b4efff5"
                    TAGREFS="LT6"
                    BASELINE="438 177 498 181 696 171 1442 159 1601 162 2023 148 2189 149" 
                    HPOS="437"
                    VPOS="113"
                    WIDTH="1752"
                    HEIGHT="81">
            <Shape><Polygon POINTS="438 177 439 194 605 192 626 190 736 181 758 187 759 187 759 187 803 181 858 186 859 186 903 176 945 176 1051 182 1052 182 1113 173 1220 176 1221 176 1259 169 1408 167 1492 167 1522 174 1524 174 1525 174 1567 173 1595 172 1596 172 1624 164 1655 172 1659 172 1660 172 1715 170 1716 170 1771 161 1822 166 1823 166 2029 157 2088 163 2089 163 2188 161 2189 149 2188 115 2158 119 2128 116 2083 113 2082 113 2053 118 2044 119 2037 119 2019 116 2018 116 2017 116 2005 119 1977 127 1919 121 1895 119 1895 119 1816 124 1813 124 1784 132 1615 134 1571 129 1542 127 1541 127 1418 133 1367 136 1359 135 1328 128 1282 128 1281 128 1222 138 1194 142 1136 142 1128 140 1097 133 1096 133 1015 138 1014 138 995 143 985 146 960 144 861 137 860 137 605 142 573 142 572 142 528 155 527 155 437 156 438 177"/></Shape>
	    <String CONTENT="Wiells  testifieth that he did hear that Mary the wife"
                    HPOS="437"
                    VPOS="113"
                    WIDTH="1752"
                    HEIGHT="81"></String>
          </TextLine>

          
          
          <TextLine ID="eSc_line_9acf4740"
                    TAGREFS="LT6"
                    BASELINE="1933 198 2072 194" 
                    HPOS="1931"
                    VPOS="168"
                    WIDTH="141"
                    HEIGHT="47">
            <Shape><Polygon POINTS="1933 204 1958 215 1959 215 1960 215 1988 213 1989 213 2002 204 2003 203 2028 203 2030 204 2045 212 2046 212 2046 213 2060 213 2060 212 2061 212 2062 212 2072 204 2072 194 2070 177 2032 176 2031 174 2025 170 2025 169 2024 169 2023 169 2022 169 2021 169 2021 170 2016 173 2012 178 1992 178 1983 173 1979 168 1978 168 1977 168 1976 168 1931 169 1933 198"/></Shape>
	    <String CONTENT="166"
                    HPOS="1931"
                    VPOS="168"
                    WIDTH="141"
                    HEIGHT="47"></String>
          </TextLine>

          
          
          <TextLine ID="eSc_line_7ceba2eb"
                    TAGREFS="LT6"
                    BASELINE="221 291 579 285 852 293 1048 292 1396 287 1473 281 1826 270 2191 270" 
                    HPOS="221"
                    VPOS="237"
                    WIDTH="1970"
                    HEIGHT="68">
            <Shape><Polygon POINTS="221 301 375 305 376 305 411 300 438 295 555 294 614 294 632 298 667 304 668 304 808 298 834 302 835 302 1371 297 1445 292 1502 287 1523 291 1545 295 1546 295 1568 290 1598 284 1933 281 1962 288 1966 288 1966 288 1973 288 2052 279 2189 285 2191 270 2189 237 2130 244 2071 238 2068 238 2068 238 1758 241 1673 254 1595 245 1492 244 1483 244 1482 244 1482 244 1420 257 1332 252 1331 252 1273 257 1243 251 1243 251 1213 258 1145 259 1092 252 1092 252 1045 261 799 264 678 264 582 252 581 252 516 266 467 266 395 255 395 255 338 262 221 256 221 291 221 301"/></Shape>
	    <String CONTENT="of Jno Reddinton did raise a report that my wife had"
                    HPOS="221"
                    VPOS="237"
                    WIDTH="1970"
                    HEIGHT="68"></String>
          </TextLine>

          
          
          <TextLine ID="eSc_line_c4c08b85"
                    TAGREFS="LT6"
                    BASELINE="186 412 399 401 743 400 1080 391 1183 393 1372 385 1733 386 1958 381 2025 373 2183 366" 
                    HPOS="185"
                    VPOS="341"
                    WIDTH="1998"
                    HEIGHT="94">
            <Shape><Polygon POINTS="186 412 187 435 384 432 400 429 474 413 554 412 590 405 690 414 691 414 807 405 873 406 874 406 907 400 983 403 984 403 1043 398 1170 402 1171 402 1233 395 1273 402 1283 403 1284 403 1299 401 1367 389 1416 398 1423 399 1424 399 1486 395 1549 392 1564 393 1720 406 1721 406 1860 390 1966 394 1967 394 2091 377 2100 375 2183 373 2183 366 2180 341 2113 342 2110 342 2064 353 1914 355 1864 348 1861 348 1860 348 1855 348 1815 353 1795 350 1784 348 1784 348 1770 350 1734 356 1708 353 1707 353 1641 360 1485 362 1463 357 1461 357 1460 357 1459 357 1444 360 1393 359 1328 356 1327 356 1304 360 1298 361 1291 361 1269 359 1268 359 1177 363 1105 367 1059 366 939 363 938 363 865 370 839 372 790 372 630 368 629 368 589 376 516 370 515 370 455 372 421 380 419 380 416 380 303 374 302 374 253 383 185 385 186 412"/></Shape>
	    <String CONTENT="Bewitched her and I went to the saide Jno Reddinton &amp; told"
                    HPOS="185"
                    VPOS="341"
                    WIDTH="1998"
                    HEIGHT="94"></String>
          </TextLine>

          
          
          <TextLine ID="eSc_line_cc402f38"
                    TAGREFS="LT6"
                    BASELINE="227 496 391 492 950 497 1215 489 1556 488 2211 471" 
                    HPOS="225"
                    VPOS="430"
                    WIDTH="1985"
                    HEIGHT="85">
            <Shape><Polygon POINTS="226 495 227 515 284 505 428 504 465 510 466 510 531 503 574 511 585 514 586 514 605 511 673 503 741 510 757 511 759 511 768 510 811 501 842 509 847 510 848 510 849 511 925 511 925 510 942 508 1013 498 1060 506 1067 508 1068 508 1098 506 1203 500 1240 505 1246 505 1247 505 1248 505 1251 505 1284 495 1333 504 1336 504 1338 504 1726 500 1727 500 1729 500 1759 487 1831 487 1937 497 1939 497 1989 485 2071 489 2072 489 2139 483 2210 494 2210 470 2207 430 2075 445 1964 435 1940 433 1939 433 1914 435 1792 452 1773 446 1772 446 1771 446 1701 454 1636 448 1635 448 1547 456 1510 444 1496 439 1494 439 1448 439 1447 439 1445 439 1423 446 1387 457 1295 449 1269 446 1268 446 1254 449 1205 461 1116 452 1080 449 1079 449 1055 454 1003 465 787 466 752 460 697 449 628 449 626 449 451 455 450 455 413 466 402 470 394 467 378 461 377 461 375 461 374 461 356 467 352 470 225 470 226 495"/></Shape>
	    <String CONTENT="him for his wifes defaming of my wife"
                    HPOS="225"
                    VPOS="430"
                    WIDTH="1985"
                    HEIGHT="85"></String>
          </TextLine>

          
          
          <TextLine ID="eSc_line_57f23c7c"
                    TAGREFS="LT6"
                    BASELINE="193 600 417 603 654 598 906 598 1261 588 1693 586 1948 579 2198 581" 
                    HPOS="192"
                    VPOS="545"
                    WIDTH="2006"
                    HEIGHT="68">
            <Shape><Polygon POINTS="193 600 195 611 267 607 298 610 327 613 328 613 522 612 551 608 559 607 567 608 601 611 602 611 657 606 685 604 738 605 848 608 849 608 901 603 916 603 937 603 1012 607 1013 607 1077 605 1078 605 1090 602 1100 599 1132 601 1156 603 1157 603 1166 601 1184 596 1287 596 1330 599 1357 601 1358 601 1389 599 1441 594 1482 598 1507 599 1508 599 1551 597 1604 594 1625 596 1654 599 1655 599 1655 599 1670 595 1685 591 1757 591 1824 594 1911 598 1912 598 1966 593 2006 589 2198 590 2198 581 2197 545 1959 547 1952 549 1919 556 1889 550 1883 549 1882 549 1870 550 1832 554 1793 551 1759 549 1758 549 1727 553 1665 560 1579 556 1578 556 1525 560 1498 556 1472 553 1471 553 1403 559 1374 560 1353 559 1274 554 1274 554 1205 562 1173 565 1144 563 1070 556 1069 556 988 565 932 572 746 573 728 570 675 560 674 560 575 572 554 576 192 579 193 600"/></Shape>
	    <String CONTENT="but the said Reddinton desiered me not to doe it for it would"
                    HPOS="192"
                    VPOS="545"
                    WIDTH="2006"
                    HEIGHT="68"></String>
          </TextLine>

          
          
          <TextLine ID="eSc_line_a1edb8c7"
                    TAGREFS="LT6"
                    BASELINE="188 692 407 692 648 698 878 696 923 692" 
                    HPOS="187"
                    VPOS="656"
                    WIDTH="736"
                    HEIGHT="53">
            <Shape><Polygon POINTS="188 692 187 698 202 704 203 704 204 704 204 704 217 699 324 699 324 700 336 705 337 705 337 705 382 701 396 706 397 706 398 706 495 701 505 701 514 701 601 708 602 708 634 702 648 708 649 708 650 709 696 709 696 708 696 708 697 708 704 704 793 709 794 709 794 709 795 709 803 703 804 702 807 703 822 709 823 709 824 709 851 704 861 702 921 704 923 692 922 664 883 664 883 664 882 664 881 664 866 670 848 664 833 659 832 659 741 658 741 658 740 658 716 665 714 666 708 665 696 665 695 665 694 665 693 665 692 666 679 674 622 674 601 667 594 665 593 665 592 665 579 667 552 674 512 674 485 668 418 656 417 656 417 656 396 665 380 664 379 664 378 664 355 670 355 670 306 661 305 661 261 671 258 671 254 671 222 666 221 666 188 671 188 692"/></Shape>
	    <String CONTENT="ut waste his Estate &amp;"
                    HPOS="187"
                    VPOS="656"
                    WIDTH="736"
                    HEIGHT="53"></String>
          </TextLine>

          
          
          <TextLine ID="eSc_line_a61e856e"
                    TAGREFS="LT6"
                    BASELINE="971 687 1294 674 1462 674 1924 661 2204 661" 
                    HPOS="970"
                    VPOS="627"
                    WIDTH="1234"
                    HEIGHT="74">
            <Shape><Polygon POINTS="971 687 971 701 1016 701 1016 701 1049 692 1090 699 1091 699 1163 698 1166 697 1240 685 1259 688 1260 688 1260 688 1270 683 1362 681 1444 681 1497 687 1498 687 1544 679 1618 685 1619 685 1690 679 1731 680 1731 680 1732 680 1760 671 1806 671 1839 677 1840 677 1905 669 1926 674 1926 674 1927 674 1928 674 1952 667 2091 673 2092 673 2146 665 2204 671 2204 661 2201 627 2179 635 2102 630 2087 629 2086 629 2076 630 2027 638 1978 633 1953 630 1953 630 1868 633 1868 633 1855 636 1821 645 1638 648 1579 643 1578 643 1551 650 1451 652 1418 647 1402 645 1401 645 1400 645 1389 647 1369 653 1355 648 1349 647 1349 647 1348 647 1331 649 1289 656 1272 651 1267 649 1266 649 1265 649 1171 650 1146 654 1113 660 1088 656 1087 656 1086 656 1085 656 1065 664 1039 664 998 658 981 656 981 656 980 656 970 658 971 687"/></Shape>
	    <String CONTENT="his would a done w&#x27;th it in tyme: and"
                    HPOS="970"
                    VPOS="627"
                    WIDTH="1234"
                    HEIGHT="74"></String>
          </TextLine>

          
          
          <TextLine ID="eSc_line_4297f038"
                    
                    BASELINE="1118 648 1151 648 1259 642" 
                    HPOS="1116"
                    VPOS="610"
                    WIDTH="142"
                    HEIGHT="49">
            <Shape><Polygon POINTS="1117 659 1159 652 1256 652 1258 641 1256 613 1116 610 1117 647 1117 659"/></Shape>
	    <String CONTENT="wife"
                    HPOS="1116"
                    VPOS="610"
                    WIDTH="142"
                    HEIGHT="49"></String>
          </TextLine>

          
          
          <TextLine ID="eSc_line_d3fcc1dc"
                    TAGREFS="LT6"
                    BASELINE="178 778 852 781 1140 765 1664 757 1812 749 2134 739" 
                    HPOS="177"
                    VPOS="719"
                    WIDTH="1957"
                    HEIGHT="70">
            <Shape><Polygon POINTS="178 778 178 789 977 785 1065 777 1084 780 1085 780 1110 776 1159 768 1227 771 1228 771 1313 766 1423 770 1424 770 1460 767 1501 770 1586 777 1587 777 1616 772 1658 773 1659 773 1694 767 1730 761 2134 761 2134 739 2131 719 1844 723 1830 723 1772 728 1639 727 1590 726 1589 726 1575 727 1492 737 1460 732 1459 732 1356 738 1332 735 1331 735 1274 745 1193 736 1192 736 1191 736 1159 745 1043 748 987 741 986 741 833 751 641 753 599 748 598 748 501 750 461 745 461 745 354 754 318 750 317 750 261 757 177 749 178 778"/></Shape>
	    <String CONTENT="he knew nothing She had ag&#x27;st mye wife -- after this"
                    HPOS="177"
                    VPOS="719"
                    WIDTH="1957"
                    HEIGHT="70"></String>
          </TextLine>

          
          
          <TextLine ID="eSc_line_0ed2605b"
                    TAGREFS="LT6"
                    BASELINE="233 878 407 877 683 874 1050 859 1371 855 1573 847" 
                    HPOS="230"
                    VPOS="798"
                    WIDTH="1341"
                    HEIGHT="102">
            <Shape><Polygon POINTS="232 877 232 900 337 897 339 897 384 883 450 883 494 894 499 894 500 894 506 893 558 882 626 888 628 888 629 888 645 881 667 888 674 891 675 891 676 891 719 889 721 889 728 887 750 877 799 885 822 887 823 887 854 882 924 870 1136 866 1178 872 1218 877 1219 877 1296 870 1339 874 1340 874 1382 865 1405 860 1571 859 1571 845 1568 798 1464 815 1410 801 1391 798 1390 798 1389 798 1379 803 1350 818 1303 818 1243 806 1218 801 1216 801 1193 803 1192 803 1181 807 1155 822 1116 825 1052 825 1018 812 1003 807 1002 807 972 807 970 807 847 811 845 811 820 818 770 832 697 828 696 828 628 834 597 825 577 818 576 818 526 818 525 818 523 818 490 827 448 839 357 837 344 832 324 826 323 826 321 826 320 826 299 833 285 838 230 836 232 877"/></Shape>
	    <String CONTENT="I got my Bro: Averell to goe to"
                    HPOS="230"
                    VPOS="798"
                    WIDTH="1341"
                    HEIGHT="102"></String>
          </TextLine>

          
          
          <TextLine ID="eSc_line_daefdc81"
                    TAGREFS="LT6"
                    BASELINE="1604 843 2021 832 2202 835" 
                    HPOS="1603"
                    VPOS="802"
                    WIDTH="599"
                    HEIGHT="52">
            <Shape><Polygon POINTS="1604 843 1604 854 1645 846 1666 850 1667 850 1695 845 1722 852 1723 852 1724 852 1725 852 1749 844 1844 850 1845 850 1846 850 1846 850 1926 840 1964 847 1965 847 1966 847 2051 838 2063 843 2064 843 2064 843 2065 843 2078 838 2111 844 2112 844 2139 838 2150 843 2151 843 2152 843 2201 843 2202 835 2201 812 2100 806 2099 806 2099 806 2098 806 2090 813 2074 813 2058 805 2057 805 2056 805 2055 805 2037 811 2022 805 2021 805 1967 802 1966 802 1945 806 1916 803 1915 803 1914 803 1913 803 1902 811 1893 803 1892 803 1891 803 1891 803 1876 804 1875 804 1874 804 1860 816 1848 818 1844 819 1783 819 1751 807 1750 807 1749 807 1683 807 1682 807 1665 816 1659 812 1658 812 1657 812 1656 812 1655 812 1645 818 1628 816 1627 816 1626 816 1603 822 1604 843"/></Shape>
	    <String CONTENT="Sarah Reddinton"
                    HPOS="1603"
                    VPOS="802"
                    WIDTH="599"
                    HEIGHT="52"></String>
          </TextLine>

          
          
          <TextLine ID="eSc_line_f8d2d45d"
                    TAGREFS="LT6"
                    BASELINE="167 970 217 969 253 963 321 958 702 956 1163 941 1256 943 1457 932 1583 931" 
                    HPOS="166"
                    VPOS="900"
                    WIDTH="1417"
                    HEIGHT="84">
            <Shape><Polygon POINTS="1136 914 1132 914 1111 918 1047 916 1047 916 1046 916 1025 923 870 921 863 921 862 921 861 921 829 927 798 923 771 919 770 919 736 920 714 925 689 931 609 931 593 928 569 924 568 924 490 927 458 932 432 937 417 934 399 929 399 929 370 929 369 929 288 937 246 941 166 941 167 970 167 976 199 984 200 984 252 974 276 969 381 970 382 970 403 966 477 968 648 973 649 973 688 967 702 971 703 971 704 971 745 967 767 971 768 971 812 961 868 960 901 967 902 967 1042 964 1123 951 1145 948 1173 949 1242 955 1243 955 1308 946 1318 945 1330 945 1407 950 1407 950 1484 942 1513 939 1581 939 1583 931 1579 900 1558 906 1500 902 1488 902 1487 902 1478 903 1407 914 1251 917 1176 912 1149 910 1149 910 1136 912 1136 914"/></Shape>
	    <String CONTENT="&amp; my s&#x27;d Bro&#x27;r told me that he told the said Sar:"
                    HPOS="166"
                    VPOS="900"
                    WIDTH="1417"
                    HEIGHT="84"></String>
          </TextLine>

          
          
          <TextLine ID="eSc_line_b7a14ca9"
                    TAGREFS="LT6"
                    BASELINE="1608 915 2143 914" 
                    HPOS="1607"
                    VPOS="887"
                    WIDTH="536"
                    HEIGHT="44">
            <Shape><Polygon POINTS="1608 915 1608 923 1640 923 1656 931 1657 931 1658 931 1764 931 1764 931 1789 926 1811 931 1811 931 1812 931 1813 931 1814 931 1824 924 1868 931 1869 931 1870 931 1883 924 1905 928 1906 928 1907 928 1922 923 1924 923 2024 923 2026 923 2051 930 2052 930 2053 930 2054 930 2055 930 2055 929 2059 924 2068 928 2068 928 2069 928 2070 928 2090 923 2091 923 2094 923 2109 928 2110 928 2111 928 2143 923 2143 914 2139 887 2130 891 2092 888 2062 887 2061 887 2060 887 2051 889 2043 892 2036 890 2025 887 2024 887 2024 887 2023 887 2022 887 2018 890 2016 892 2011 890 2000 887 1999 887 1998 887 1997 887 1988 891 1973 897 1945 897 1930 892 1915 887 1914 887 1875 887 1874 887 1847 889 1846 889 1846 889 1838 894 1832 898 1802 895 1762 891 1762 891 1761 891 1760 891 1753 896 1753 896 1753 896 1741 888 1740 888 1740 888 1739 888 1738 888 1722 896 1718 899 1678 899 1676 898 1661 891 1660 891 1660 891 1659 891 1643 899 1607 899 1608 915"/></Shape>
	    <String CONTENT="Reddinton and"
                    HPOS="1607"
                    VPOS="887"
                    WIDTH="536"
                    HEIGHT="44"></String>
          </TextLine>

          
          
          <TextLine ID="eSc_line_0092b808"
                    TAGREFS="LT6"
                    BASELINE="156 1060 356 1051 714 1048 1291 1036" 
                    HPOS="153"
                    VPOS="975"
                    WIDTH="1137"
                    HEIGHT="108">
            <Shape><Polygon POINTS="155 1058 156 1083 222 1063 269 1071 270 1071 271 1071 273 1071 286 1061 346 1061 364 1069 366 1069 367 1069 450 1062 466 1068 467 1068 468 1068 470 1068 471 1068 483 1061 520 1066 521 1066 579 1057 623 1067 624 1067 672 1060 699 1068 700 1068 701 1068 735 1061 765 1065 766 1065 767 1065 783 1056 826 1069 827 1069 828 1069 830 1069 896 1050 976 1056 978 1057 978 1056 1058 1050 1078 1057 1079 1057 1080 1057 1082 1057 1121 1045 1175 1062 1176 1062 1177 1062 1290 1061 1290 1035 1287 1000 1260 995 1259 995 1258 995 1247 998 1235 1003 1224 998 1218 996 1216 996 1215 996 1214 996 1205 998 1182 1006 1040 1008 1021 997 1014 992 1013 992 947 975 946 975 945 975 943 975 901 996 871 1011 771 1013 738 995 712 980 711 980 659 980 658 980 657 980 656 980 634 994 602 1012 511 1018 463 1012 430 991 421 985 419 985 418 985 417 985 341 986 340 986 323 991 304 996 291 990 284 987 282 987 281 987 153 989 155 1058"/></Shape>
	    <String CONTENT="She had any thing agst my wife"
                    HPOS="153"
                    VPOS="975"
                    WIDTH="1137"
                    HEIGHT="108"></String>
          </TextLine>

          
          
          <TextLine ID="eSc_line_d9ffe22a"
                    TAGREFS="LT6"
                    BASELINE="1333 1026 1646 1011 2121 1001" 
                    HPOS="1331"
                    VPOS="971"
                    WIDTH="790"
                    HEIGHT="66">
            <Shape><Polygon POINTS="1333 1026 1334 1037 1363 1027 1400 1027 1414 1034 1415 1034 1416 1034 1416 1034 1496 1032 1497 1032 1502 1030 1527 1023 1552 1027 1553 1027 1553 1027 1554 1027 1562 1021 1603 1021 1617 1026 1622 1028 1623 1028 1624 1028 1636 1025 1667 1019 1744 1021 1803 1023 1804 1023 1833 1018 1833 1018 1834 1018 1857 1020 1858 1020 1877 1016 1895 1011 1984 1011 1985 1012 1997 1017 1998 1017 1999 1017 2106 1013 2107 1013 2121 1007 2121 1001 2117 971 2081 980 2055 980 2042 974 2041 974 2040 974 2039 974 2023 980 2002 976 2002 976 2001 976 2000 976 1994 980 1978 976 1973 975 1972 975 1971 975 1950 977 1910 981 1849 981 1778 980 1777 980 1776 980 1768 984 1757 989 1727 986 1726 986 1726 986 1725 986 1720 991 1625 991 1622 989 1612 985 1611 985 1611 985 1543 988 1542 988 1522 994 1514 989 1513 989 1513 989 1512 989 1451 990 1451 990 1450 990 1441 997 1438 998 1414 998 1362 997 1361 997 1331 1001 1333 1026"/></Shape>
	    <String CONTENT="and he would be a means"
                    HPOS="1331"
                    VPOS="971"
                    WIDTH="790"
                    HEIGHT="66"></String>
          </TextLine>

          
          
          <TextLine ID="eSc_line_1bfcd2cb"
                    TAGREFS="LT6"
                    BASELINE="166 1158 673 1136 1090 1136 1718 1107" 
                    HPOS="162"
                    VPOS="1060"
                    WIDTH="1555"
                    HEIGHT="115">
            <Shape><Polygon POINTS="165 1156 165 1175 307 1159 504 1154 547 1161 577 1167 579 1167 580 1167 597 1160 623 1149 849 1149 850 1149 852 1149 869 1140 905 1148 930 1153 931 1154 1003 1154 1003 1153 1047 1144 1144 1148 1145 1148 1147 1148 1181 1137 1198 1132 1211 1136 1231 1143 1232 1143 1234 1144 1286 1144 1286 1143 1415 1138 1416 1138 1431 1131 1464 1134 1465 1134 1466 1134 1493 1127 1598 1132 1600 1132 1656 1118 1666 1117 1717 1117 1717 1106 1715 1082 1646 1078 1645 1078 1644 1078 1629 1083 1623 1084 1617 1083 1533 1060 1532 1060 1531 1060 1473 1066 1472 1066 1422 1087 1417 1089 1355 1094 1323 1088 1320 1088 1319 1088 1318 1088 1317 1088 1282 1098 867 1110 834 1096 833 1096 832 1096 763 1096 729 1089 728 1089 683 1099 632 1110 569 1104 568 1104 499 1111 462 1102 444 1099 443 1099 162 1107 165 1156"/></Shape>
	    <String CONTENT="&amp; would help her to bring my wife out; and"
                    HPOS="162"
                    VPOS="1060"
                    WIDTH="1555"
                    HEIGHT="115"></String>
          </TextLine>

          
          
          <TextLine ID="eSc_line_303b9346"
                    TAGREFS="LT6"
                    BASELINE="1724 1116 2032 1095 2216 1093" 
                    HPOS="1721"
                    VPOS="1036"
                    WIDTH="494"
                    HEIGHT="107">
            <Shape><Polygon POINTS="1723 1115 1724 1143 1847 1142 1848 1142 1869 1134 1902 1123 1920 1129 1922 1129 1923 1129 1924 1129 1925 1129 1953 1111 1967 1116 1968 1116 1969 1116 2022 1109 2034 1116 2035 1116 2037 1116 2038 1116 2102 1104 2131 1113 2132 1113 2133 1113 2135 1113 2169 1100 2179 1109 2180 1109 2181 1109 2182 1109 2204 1104 2212 1110 2215 1091 2209 1036 2150 1040 2149 1040 2147 1041 2090 1063 2062 1047 2059 1046 2057 1046 2032 1046 2030 1046 2029 1046 2028 1046 2022 1051 1996 1073 1922 1076 1890 1069 1888 1069 1887 1069 1866 1078 1841 1067 1840 1067 1838 1067 1837 1067 1836 1067 1813 1083 1792 1083 1775 1077 1773 1077 1772 1077 1771 1077 1770 1077 1761 1083 1749 1073 1748 1073 1746 1073 1745 1073 1721 1076 1723 1115"/></Shape>
	    <String CONTENT="hat the Said Sarah"
                    HPOS="1721"
                    VPOS="1036"
                    WIDTH="494"
                    HEIGHT="107"></String>
          </TextLine>

          
          
          <TextLine ID="eSc_line_65225cb4"
                    TAGREFS="LT6"
                    BASELINE="204 1238 911 1228 1089 1220 1348 1216 1580 1204 2117 1197" 
                    HPOS="203"
                    VPOS="1168"
                    WIDTH="1914"
                    HEIGHT="83">
            <Shape><Polygon POINTS="204 1238 204 1251 468 1247 488 1245 560 1239 624 1242 659 1243 660 1243 681 1241 717 1236 743 1239 758 1241 759 1241 772 1238 809 1232 845 1237 870 1240 870 1240 979 1233 1027 1231 1052 1232 1109 1234 1110 1234 1220 1229 1253 1233 1254 1233 1367 1224 1448 1218 1789 1213 1797 1215 1824 1220 1914 1220 1915 1220 1916 1220 1952 1211 1953 1211 1960 1211 2048 1215 2049 1215 2116 1207 2117 1197 2116 1172 2090 1168 2089 1168 1636 1176 1572 1182 1499 1179 1498 1179 1415 1187 1345 1193 1216 1191 1158 1190 1157 1190 1100 1193 1007 1199 905 1198 877 1198 876 1198 857 1198 807 1202 787 1200 771 1198 770 1198 726 1202 679 1205 655 1203 585 1197 585 1197 422 1208 390 1210 372 1209 298 1205 297 1205 203 1212 204 1238"/></Shape>
	    <String CONTENT="Reddinton replyed that She knew no harm mye wife had"
                    HPOS="203"
                    VPOS="1168"
                    WIDTH="1914"
                    HEIGHT="83"></String>
          </TextLine>

          
          
          <TextLine ID="eSc_line_ead53ee8"
                    TAGREFS="LT6"
                    BASELINE="177 1338 652 1333" 
                    HPOS="176"
                    VPOS="1300"
                    WIDTH="476"
                    HEIGHT="58">
            <Shape><Polygon POINTS="177 1350 212 1353 213 1353 218 1351 247 1341 270 1352 274 1353 275 1353 276 1353 279 1352 303 1340 322 1352 323 1352 324 1352 344 1350 345 1350 346 1350 359 1340 371 1343 372 1343 394 1339 412 1346 413 1346 414 1346 415 1346 425 1340 469 1344 470 1344 471 1344 481 1338 520 1347 521 1347 554 1344 575 1357 577 1358 578 1358 579 1358 652 1358 652 1333 648 1307 633 1313 629 1309 628 1309 627 1309 626 1309 625 1309 610 1313 593 1309 592 1309 591 1309 590 1309 578 1319 528 1319 501 1305 492 1300 491 1300 490 1300 489 1300 479 1305 474 1308 461 1305 457 1304 456 1304 455 1304 454 1304 454 1305 439 1316 427 1314 426 1314 415 1320 386 1309 385 1309 384 1309 383 1309 364 1318 297 1322 270 1305 269 1305 268 1305 267 1305 266 1305 247 1317 219 1303 218 1303 176 1303 177 1338"/></Shape>
	    <String CONTENT="done her:"
                    HPOS="176"
                    VPOS="1300"
                    WIDTH="476"
                    HEIGHT="58"></String>
          </TextLine>

          
        </TextBlock>
        

        
      </PrintSpace>
    </Page>
  </Layout>
</alto>
