1108 1744
80 28 977 79 The Deposition of Ann putnam: who testifieth and saith that on

89 64 956 88 20'th of April 1692 :at evening she saw the Apperishtion of a

87 109 956 79 Minister at which she was greviously affrighted and cried out

91 149 969 71 oh dreadfull: dreadfull here is a minister com:what are Minis-

89 186 968 82 ters wicthes to: whence com you and What is your name for

91 222 957 89 I will complaine of:you tho you be A minister: if you be

95 262 950 85 a wizzard; and Immediatly I was tortored by him being Racked

96 305 948 80 and all most choaked by him: and he tempted me to write in

94 337 943 98 his book which I Refused with loud out cries and said

94 375 957 94 I would not writ in his book tho he tore me al to peaces

95 404 960 106 but tould him that it was a dreadfull thing: that he which

96 441 934 103 was a Minister that should teach children to feare God

97 473 960 113 should com to perswad poor creatures to give their souls to

98 506 955 125 the divill: oh. dreadfull tell me your name that

103 555 944 123 I may know who you are: then againe he tortored me &

105 589 949 120 urged me to writ in his book: which I Refused: and then

113 631 945 111 presently he tould me that his name was George Burroughs

102 666 955 109 and that he had had three wives: and that he had bewitched

111 702 950 122 the Two first of them to death: and that he kiled Mist. Lawson

110 741 945 113 because she was so unwilling to goe from the village and also

109 770 935 133 killed Mr Lawsons child because he went to the eastward

113 811 932 115 with Sir Edmon and preached soe; to the souldiers and

108 847 950 123 that he had bewicthed a grate many souldiers to death at

61 963 300 52 Abigail Hobbs a wicth

113 883 952 116 the eastword, when Sir Edmon was their. and that he had

55 919 1015 139 made several wiches and has continewed ever sence; by times

118 959 946 123 tempting me to write in his book and greviously tortoring me

118 981 950 141 by beating pinching and almost choaking me severall times a day

858 1055 211 43 Jurat in Curia

117 1019 948 118 and he also tould me that he was above wicth for he was a cunjurer

565 1085 475 47 wee whose names are under

115 1114 929 66 writen being present with Ann putnam att the time above

118 1147 936 67 mentioned hard hir declare what is above writen what

116 1179 933 73 she said she saw and hard from the Apperishtion of Mr.

123 1212 905 84 Mr. George Burroughs : and allso beheld hir tortors:and per

119 1247 925 86 ceived her hellish temtations by hir loud out cries I

119 1286 924 83 will not I will not writ tho you torment al days of

125 1314 944 89 my life:and being conversant with hir ever sence have

322 1342 726 102 seen hir tortored and complaining that Mr.

118 1376 919 117 Burroughs hirt hir.and tempts hir to writ in his Book

758 1428 266 53 Thomas putnam

75 1457 629 70 Ann Puttnam declared har above written evidence to

67 1489 627 77 be the truth:before the Jury of Inquest: Aug'st 3: 92: upon her oath

775 1473 251 57 peter prescott

261 1563 314 52 Ezekiel Chever

779 1530 260 72 Robert Morrell

305 1598 408 63 made Oath to the latter

591 1622 181 56 part. of this

774 1619 128 50 paper

611 1655 248 88 Jurat in Curia

408 970 68 38 more
