1300 1157
180 71 898 46 The Examination of Martha Carrier. 31. May. 1692

62 129 422 47 Abigail Williams w'o hurts you?

698 109 572 50 The Tortures of the afflicted was so great

65 169 395 46 Goody Carrier of Andover.

707 146 539 51 that there was no enduring of it, so

67 201 452 50 Eliz: Hubbard who hurts you?

707 181 560 47 that she was ordered away & to be bound

72 247 194 46 Goody Carrier

705 211 563 57 hand & foot with all expedition the

73 271 447 54 Susan:Sheldon , who hurts you?

709 244 551 63 afflicted in the mean while almost

70 303 584 62 Goody Carrier , she bites me, pinches me, &

714 283 517 57 killed to the great trouble of all

72 338 559 59 tells me she would cut my throat, if I did

714 317 433 65 spectators Magistrates & others.

73 390 275 41 not signe her book

720 352 535 74 Note. As soon as she was well bound

74 414 600 60 Mary Walcot said she afflicted her & brought

710 392 521 80 they all had strange & sodain ease.

79 471 232 41 the book to her.

715 435 550 78 Mary Walcot told the Magistrates that

81 493 592 57 What do you say to this you are charged with?

718 475 544 73 this woman told her she had been a

78 538 347 47 I have not done it.

718 523 350 59 witch this. 40. yeares.

73 574 580 55 Sus:Sheldon cried she looks upon the black

98 626 93 35 man.

85 651 565 50 Ann Putman complained of a pin stuck

97 692 119 38 in her.

91 719 388 47 What black man is that?

101 766 191 43 I know none

97 795 464 51 Ann Putman testifyed there was.

93 828 549 60 Mary Warrin cryed out she was prickt.

95 872 450 52 What black man did you see?

101 912 532 59 I saw no black man but your own

115 963 135 47 presence.

98 989 556 53 Can you look upon these & not knock them

93 1025 122 58 down?

101 1055 541 63 They will dissemble if I look upon them.

91 1095 547 54 You see you look upon them & they fall
