4053 2710
267 271 1408 135 This may inform this Honred

1704 233 512 114 cort that

2285 222 1329 151 I: Ephraim Willdes being

337 379 3326 152 constabell for topsfelld this yere and the marshall of sallem coming

325 495 3563 114 to fetch away my mother he then shued me a warrant from athority

305 585 3470 179 derected to the constabell of topsfelld wherin was william hobs and

298 724 3607 146 deliveranc his wife with maniey others and the marshall did then

296 843 3574 128 require me forthwith to gow and aprehend the bodies of william hobes

317 987 1787 121 and his wife which acordingly I

2122 959 1617 112 ded: and I have had serous

305 1120 2660 119 thoughts maniey tims sence whether my sesing

3018 1043 807 143 of them might not

314 1237 2951 134 be some case of hare thus acusing my mothe thereby

3325 1202 476 104 in some

340 1348 1261 109 mesuer to be revenged

343 1443 899 115 bad sperit when

1668 1324 2127 181 of me the woman ded show a veriey

362 1592 3466 172 har face she looked so molishesly on me: as for my mother I never

1478 1478 2245 123 I sesed: on might allmost se revenge in

362 1740 3544 140 saw aniey harm by har upon aniey sutch acout naither in word nor

358 1830 304 91 action

356 1922 493 99 well in the

686 1859 149 92 as

874 1878 2971 115 she is now acused for she hath awlwais instructed me

886 1979 2966 128 cristion religon and the wais of god ever sence I was abell to

373 2026 852 123 take instructions:

367 2133 349 117 of it -

1302 2074 314 89 and so

790 2143 886 171 Ephraim willdes

1770 2097 2135 125 I leve it all to this honred cort to consider
