1500 995
187 123 1246 41 Mary Warren aged 20: yeares or thereabouts testifyeth & saith That severall times

201 166 1246 47 after the Nyneteenth day of April last when Bridgett Bishop als Olliver who was

196 222 1222 37 in the Gaol at Salem she did appear to this depon't tempting her to signe the book

195 262 1223 67 oft times during her being there as afores'd the s'd Bridgett did torture & afflict

1105 298 143 24 one that

1282 287 68 43 should

1326 324 114 30 doe

202 313 1074 67 this depon't tempting her to signe the book & oft times during her being

201 363 294 39 which now she knowes

508 348 599 42 be m's Cary that then came & afflicted her

119 386 354 50 Sworne before us the1

495 371 274 71 day of June 1692

847 421 303 61 John Hathorne

1190 435 128 107 Assis'ts
