1308 1980
160 22 64 67 The

237 1 1035 74 deposition of Allin Toothaker aged about 22 years

132 95 102 59 Saith

243 53 1015 74 I heard Martha Carrier Saÿ that Benjamin Abbutt would

136 147 91 51 wish

235 101 1019 78 he had not medled with that land so Near our houwse for

141 156 1119 75 she would stick as Cols to him as the barck to the tree, afore

137 198 1110 83 seaven years Com a bout, & that doctor prescott should Never

134 243 1069 85 Cure him, & about last march Richard Carrier & mÿ

135 294 1128 83 selfe had som difference, & said Richard pulled me downe by the

134 343 1083 79 haer of mÿ head to the ground for to beat me: I desired him

138 391 1080 77 to lett me Risse, when I was up I went to strick at him, but

695 427 152 37 to the ground

135 444 1092 69 I fell downe flate upon my back & had not power to ster hand

135 488 1084 86 Nor foote, then I toold sayd Richard I would yeald to him

123 543 1135 86 & owne him the best man & then I saw Martha Carrier

128 597 1117 89 goe of from mÿ brest, butt when I was Rissen up I saw

126 646 1115 89 non of her, I was Wounded in the Warre, Martha Carrier

123 684 1116 114 tould me I Would Never be Cured, afore she was Aprehended

1129 724 56 41 deep

121 728 1131 126 I Could thrust in mÿ Wound a knitting Nedle four Inches but,

199 783 1064 132 since she have been Taken I am thorowlÿ healed: and

126 843 1146 129 have had more Ease then I have had in halfe a year before

132 917 1126 112 Sometimes when Martha Carrier & I had some difference

136 965 1131 111 she would Clap her hand at me & saÿ I should gett. Nothing

135 1019 1084 106 by it: & with i[numl ] a daÿ, or two: I lost a three year old

137 1063 1100 116 heffer: Next a yealin: & then a Couw; & then had som

128 1131 824 98 litle difference a gaine & lost a yearlin;

229 1201 1026 104 And I knowe not of any naturall Causes of the death of the

135 1245 1120 99 abovs'd Creatures, but have always feared it hath been the effect

136 1310 835 83 of my Aunt Martha Carrier her malice:

957 1357 195 59 his mark

529 1459 286 72 Jurat in Curia

864 1402 383 100 Allen Toothaker
