1240 1754
360 65 864 74 and the second he choaked and

344 133 880 69 killed tow of his own children

11 568 48 374 Susannah Shelden

39 558 72 384 against G. Burroughs

48 979 1156 68 The Complaint of Susannah Shelden against

35 1020 1169 89 mr burroos which brought a book to mee

36 1081 1162 62 and told mee if i would not set my hand

24 1115 1177 90 too if hee would tear mee to peesses i told

18 1170 1200 65 him i would not then hee told mee hee would

19 1213 1191 56 starve me to death then the next morning

17 1251 1190 67 he told mee hee could not starve mee. to death,

13 1290 1218 69 but hee would choake me that my vittals shou

33 1340 1188 62 me but litl good then he told mee his name

17 1393 1215 55 was borros which had preached at the vilag

12 1428 1168 69 the last night hee Came to mee and asked mee

25 1471 1205 73 whether i would goe to the village to morrow

13 1520 1143 71 to witnes against him i asked him if hee was

41 1569 1183 62 exsamened then hee told hee was then i told him

42 1610 1120 77 i would goe then hee told mee hee would kil

85 1649 88 50 mee

210 1672 998 47 beefoar morning then hee apeared to

217 1704 1018 48 mee at the hous of nathanniel ingolson and
