2509 3508
1044 114 1168 96 Anno Regis et Reginae Willim et

1115 206 1066 137 Mariae nunc Angliae &c Quarto

134 353 433 190 Essex :ss:

614 360 1754 160 The Jurors for our Sovereigne Lord and Lady

606 493 1737 122 the King and Queen pr'sents That George Burroughs

610 590 1688 97 late of Falmouth w'thin the province

604 730 1643 113 The Ninth Day of  May -- in the fourth Year of

599 651 1728 103 of the Mattathusets Bay in New England Clerke

596 812 1752 132 the Reigne of our Sovereigne Lord and Lady William

590 919 1764 119 and Mary by the Grace of God of England Scottland

567 1003 1768 154 France and Ireland King and Queen Defenders

588 1132 1755 121 of the faith &c Diver other Days and times

567 1231 1791 113 as well before as after, certaine Detestable

569 1315 1785 134 Arts called wicthcraft & Sorceries: wickedly -

580 1424 1773 142 and feloniously hath used Practiced & Exercised

582 1537 1759 121 at and within the Township of Salem in the

573 1656 1785 99 County aforsd: in upon and ag't: one: Ann Putman

653 1742 1622 109 of Salem Villiage singlewoman -

820 1878 1435 133 by which said wicked Arts the said

571 1997 1754 127 Ann Putman the Ninth Day of May in

606 2087 1729 142 the forth Year aboves'd and Divers other

588 2188 1747 127 Days and times as well before as after was and

598 2282 1712 146 is Tortured afflicted Pined Consumed wasted and

579 2379 1752 140 tormented also for sundry other acts of witch-

558 2458 1740 181 -crafts by said George Burroughs Committed

584 2593 1747 139 and done ag't the ag't the Peace of our Sovereigne Lord

596 2681 1727 152 and Lady the King and Queen their Crowne &

571 2808 1774 121 Dignity and ag't the form of the Statute in tha

602 2903 982 113 case: made and Provided:

231 2972 388 103 Witnesses

485 3057 655 88 Ann Putnam

508 3127 573 96 Mary Wolcott

497 3211 692 109 Elizabeth Hubbard

495 3305 651 121 Mary Warren
