2438 1909
197 181 2022 113 the deposition of Thomas Dorman aged 53 yers saith

181 233 1970 140 goody wils was arnest with me to by one hive of beese

358 283 1812 168 and sins goodwife wils had thes beese I lost

211 372 2051 168 many Creturs and she Came to my hous one day and said

221 423 2078 197 She how doth your and she went to the pen whare thay

243 491 2043 191 were fatting, and thay were very fat and we Cept

213 580 2075 164 them a grat while longer feding them with Corne and thay pind

230 655 2088 148 away so as thay were good for litle and I lost six brave

233 722 1969 146 Cattle six yere agoe which was frozen to death in the

264 777 1971 158 midell of jenewary now sum time this summer my

281 838 1935 156 wif went to salem vilidg and my wife tould me that

285 925 1817 138 an putman the aflicted parsun tould hur that

585 957 1687 164 goodwife wils had whoried away my Cattell

410 1070 1892 150 and I wondred an putman should know I lost my

418 1188 740 148 Cattle so long agoe

1494 1221 464 123 Jurat in Curia

994 467 307 81 geese thrive
