2509 2939
388 282 498 91 theire about

454 137 1793 187 The Depotion of John Gould aged about 56 yeares or

318 198 2046 267 Testifeth and saith that some time sence whether it be fivfteen

279 306 2066 203 or sixteene yeares agoe I am not sarting but I toke it to be theire

282 365 2088 221 abouts sister Mary Redington tould mee as she was Coming from

287 437 2052 203 alam with her Brother Redington that Goodwife Wilds did

300 507 1973 185 strive two or three times to pul her doune of her horse one

291 555 2031 214 time she did strive to pul her doune in a brooke but she did

298 622 1980 215 set her selfe with all her strenke Could and did git out

302 693 1978 191 of the brook and soone after she was got out of the brooke

321 760 1995 191 she said that Goodwife Wilds did pul her downe bakwords

297 819 2050 193 of her horse and held her downe so as she Could not helpe her

338 894 2027 178 selfe tell her Brother Redington and sarg't Edmon Towns

341 961 2004 168 did Come and helper help her/ and my sister did desier mee to Come

302 1038 1997 135 and wright what she Could say how Goodwife Wilds did a

295 1090 2026 159 flicte her for she would Leafe it in wrighting so as it might

292 1157 1994 131 be seene when she was dead and I did goe downe to wright it

294 1219 2074 139 once or twise but when I was redy to wright it sister was

254 1275 2114 147 taken so as she Could not declare any thing/ also sister Mary

292 1343 2065 128 tould mee that When Johanthan Wilds was ele at her house

292 1417 2071 114 in a straing maner so as he Could goe out at the Chimey tops in

285 1484 2081 104 into the barne hed git her henes and put them in to his breeches

303 1546 2032 114 and kiled them/ sister Mary did aske Goodwife Wilds to take

316 1609 2039 113 som of the dead henes and Let her have som Liveing henes and she

311 1683 1970 90 did but sister said thay went moping about tell thay died

310 1735 2055 105 and so shall I said sister Redington and the Last words I hard

311 1796 2037 114 sister Redington say was that it was Goodwife Wilds that

305 1853 2029 117 brought her into that Condition she did stand to it tell her death

313 1960 1950 100 farder I doe testifie that as I was afeching two or three

308 2037 2047 85 Load of hay for Zacheus perkins/ the s'd perkins tould mee that

218 2098 2137 86 I must Lay the hay fast or eles his ant Wilds would not Let mee

344 2155 1982 80 Cary it for she was angrey with him and as I went with one

310 2209 2063 81 Load it did slipe downe in plaine way and I Lay it up againe and

336 2264 2008 82 then I Came almost at home with it it fell doune againe and I

307 2318 2032 88 Went and feched him another Load and when I Came wheare the

308 2380 1604 83 first Load sliped the seckond did slipe downe then I

1938 2367 371 70 got some of

318 2426 2032 95 our frinds to helpe me up with it and wee bound it with two

328 2478 1981 114 Cart ropes but it did slipe up and downe so as I did never see

318 2534 2014 103 hay doe soe in my Life and when I came wheare

313 2597 1964 90 Load the hay went all of the Cart apon the ground and did bring

320 2659 1943 80 he Cart over and it was rising ground I did thinke that

325 2721 1579 188 it was don by witchCraft Jurat in Curia

2241 2728 73 168 12
