2758 3854
430 77 1013 184 The Depotion of Elizabath Symons aged about 50 yeares

2167 248 349 92 or thirteene

408 304 2116 111 Whoe testifieth and saith that about twelve yeares

254 378 2253 114 theire abouts being in Company With my Mother Androus, after a Lecter

387 385 131 60 abouts

382 436 2160 126 in Topsfeild my mother and I ware agoeing to give Goodwife

400 503 2133 113 Redington a visiat and as wee went wee overtooke Goodwife Wilds

406 563 2131 115 and my mother fell into discourse about a syee that my Brother

400 623 2128 111 John and Joseph Androus had borede of Goodman Wilds for one

383 687 2128 105 day: and my mother tould Goodwife Wilds how John and Joseph

415 734 2133 122 Androus ware trobled about gitting home a Load of hay/ then good

376 798 2176 124 wife Wilds replied and said all that might bee and I know

419 865 2129 100 nothing of it/ then my mother replied and said to her whie did

402 922 2156 107 you threaten them and tould them thay had better alet it alone

400 982 2133 118 then she did threaten my mother and tould her that she would

398 1044 2133 107 make her prove it and then my mother caaled to mee and

411 1094 2154 113 bid mee bare witnes Elizabath what she saith/ and then she did

423 1151 2138 127 Looke bake apon mee and Emedatly I did fale into such a trembling

436 1218 2120 100 Condition that I was as if all my joynts did knoke togather so that

430 1271 2119 110 I could hardly goe along/ and the night faling after I was

1947 1265 171 119 after

421 1316 2134 106 bed I did see somthing stand between the wale and I/ I did see som

419 1389 2120 101 thing stand theire and I did Looke apon it a Consideradabell time so

447 1445 2116 96 Long that I was afraid to Ly one that sid of the bed and asked my hus

402 1485 2148 110 ban to Let mee Ly one the other sid of the bed and he did/ and then I

430 1535 2128 130 did feele it Come apon my feete as if it had bin a cat and Crope up to

432 1586 2120 129 my breast and Lay apon mee and then I Could not move nether hand

430 1646 2118 120 nor foot nether Could I speeake a word I did strive to cale to my

426 1697 2117 127 husban but I Could not speake and so I Lay all night/ and in the

432 1751 2099 133 moring I Could speeake and then I tould #(him) my husband thay talke of the old witch

453 1804 2058 146 but I thinke she has ride mee all this night and then I tould my

460 1888 1983 116 husband how it had bin with mee all the night/ we had a Lecture

451 1935 2075 122 once a fortnight in Topsfeild and the next Lectter day after the first above

449 1991 2079 122 named/ as I was sitting in my seate Goodwife Wilds Coming

445 2046 2096 129 by the end of the seeat I sat in I was Emedatly taken with such apay

449 2100 2097 137 in my bake that I was not abell to bare it and fell downe in the seea

453 2160 2105 124 and did not know wheaire I was and some pepall tooke me up and

460 2224 2096 131 Caried mee out of the meeting house but I did not know nothing of it

3 1499 170 977 Presented by Daniel A. White, 1850.

456 2282 2107 120 tell afterwards when I Came to my selfe I did wonder how I Come

447 2329 2107 139 theire up to mr Hubbard house and when I did Come to my selfe and

458 2387 2100 135 a great many pepall Come about mee to aske mee what was the matter

458 2445 2111 135 with mee Goodwife Wilds Come and stood at the End of the tabell and

464 2490 2111 149 I Replied and said theire she is and my mother bid mee goe and serve

456 2558 2115 137 her but I Could not sture/ and so I have Contined at times Ever senc

477 2612 2096 132 som times with paynes in one plase and som times in another plase

473 2667 2090 137 soe as I have not bin abell to doe any thing in my fameliey at severall

462 2734 2116 128 times I have bin at the Docters but thay Cannot give mee any thing

471 2800 2002 118 that #(dos) dos mee any good this is in short of what I Can say

475 2845 2074 151 heire in the heart of what I Can speeake too. I am verey

473 2922 2073 135 Willing to Come and ateste to all above wrighteen and if the Lord give

486 3018 1633 114 mee streanke but at present I am not abell to Come

1725 3087 491 122 Jurat in Curia
