2529 1996
230 153 2181 94 The Deposistion of Ann putnam Jun'r who testifieth and saith I have

280 233 2102 83 ben afflected ever sence the begining of march with a woman that

281 306 2107 94 tould me hir name was willds and that she came from Topsfeild

277 374 2050 105 but on the 22 April 1692 Sarah wilds did most greviously torment me

282 462 2098 81 dureing the time of hir Examination and then I saw that Sarah willds

283 507 2086 105 was that very woman that tould me hir name was willds and also on

270 573 2132 123 the day of hir Examination I saw Sarah willds or hir Apperance most

282 648 2154 126 greviously tortor and afflect mary Walcott, Mircy lewes and Abigail William

268 715 2103 139 and severall times sence Sarah wilds or hirs Apperance has most

2257 779 177 113 by pric

1804 793 327 96 of tortueres

318 818 1456 96 greviously tortored and afflected me with variety

259 872 1512 121 ing  and pinching me and almost choaking me to death

269 991 2141 156 Ann Putnam Jun'r declared: the above written: evidence: to be truth: before the Jury of

271 1123 1021 116 inquest: June: 30'th :1692: upon oath.
