2533 2006
307 140 2110 112 The Deposistion of Mary Walcott ageed about 17 years who testifieth

317 252 2035 75 and saith that in the begining of Appril 1692 there came to me a

309 307 2103 95 woman which I did not know and she did most greviously torment me by

309 372 2033 87 pricking and pinching me and she tould me that hir name was wilds and that

304 439 2038 80 she lived at Topsfeil and she continewed hurting me most greviously

284 498 2091 120 by times tell the day of hir Examination which was the 22 day

274 576 2114 120 of Appril 1692: and then I saw #(hir) that Sarah wildes was that very same

264 643 2096 122 woman that tould me hir name was wildss and Sarah wilds did most

267 720 2078 130 greviously torment me dureing the time of hir Examination for when

267 780 2123 144 ever she did but look upon me she would strick me down or almost

256 873 2132 118 Choak me to death: also on the day or hir Examination I saw sarah

254 938 2134 129 Wilds or hir Apperance most greviously torment and afflect mercy lewes

246 992 2140 156 Abigaill williams andAnn putnam Jun'r by stricking them down and almst

250 1044 2142 209 choaking them to deatth. also severall times sence Sarah willds has most

267 1126 2115 218 greviously tormented me with variety of tortor and I verily beleve

304 1288 924 108 she is a most dreadful wicth

1714 1261 546 81 Jurat in Curia

269 1390 2121 139 Mary Wolcot declared to the Jury of inquest: that the above written evidence is

285 1497 1072 121 the truth: upon oath: June 30'th 1692
