2487 3508
994 64 1128 125 Anno Regis et Reginae Willm et

1064 183 988 115 Mariae nunc Angliae &c Quarto

152 268 2162 202 Essex ss The Jurors for our Sovereigne Lord and Lady the

571 409 1785 113 King and Queen pr'sents That Sarah Willes wif

585 491 1729 140 of John Willes of Topsfield Husbandman

565 639 1748 109 the Twenty Second Day of Aprill in the forth Year

561 742 1746 117 of Aprill in the forth Year of the Reigne of our Sovereigne Lord and Lady

551 836 1782 118 William and Mary by the Grace of God of England

547 935 1786 113 Scottland France and Ireland King and Queen-

543 1021 1782 121 Defenders of the faith &c and divers other Dayes

561 1128 1758 121 and times as well before as after, certaine De-

545 1227 1768 131 etestable Arts called Witchcrafts and sorceries

586 1325 1743 134 wickedly and felloniously hath used Practised

574 1436 1723 127 and Exeorcised at and within the Towneship

580 1543 1737 136 of Salem in the County of Essex aforesaid in

574 1676 1751 109 upon and against one Marcy Lewis

740 1765 1567 100 of Salem Villiage Singlewoman

574 1865 1677 115 by which said wicked Acts the said Mercey

561 1966 1762 127 Lewis -  the Twenty Second Day of Aprill aforesaid

590 2085 1705 97 in the forth Year aboves'd and Divers other

563 2171 1781 113 Dayes and times as well before and after, was and

596 2274 1750 115 is Tortured Afflicted Pined Consumed wasted & Tormented

586 2364 1723 111 and also for Sundery orther Acts of Witchcraft

584 2443 1772 145 by said Sarah Willes. Committed and Done

586 2543 1731 140 before and since that time ag't the Peace of our

586 2638 1748 141 Sovereigne Lord & Lady the King and Queen, and

596 2740 1733 144 ag't the form of the Statute in that Case made and

588 2862 392 125 Provided.

286 2968 386 120 Witnesses.

337 3069 526 92 Marcy Lewis

346 3157 624 95 Ann Putman

348 3223 593 127 Mary Wolcott

2177 3406 66 94 14
