2412 3728
149 281 1914 205 the Deposition of John putnam & Rebecah his wife

157 389 1966 209 testifieth and saith that in the yeare :80: Mr Burros

167 480 2025 228 lived in our house nine month, there being a great

161 594 2008 224 differanc betwixt Sd Barros & his wife, the differanc

171 660 2021 251 was so great that they did Desier us the deponants

161 754 1980 243 to com into their room to hear their difference,

153 857 2167 224 the contrivercy that was betwixt them was that the

161 925 2148 299 afor s'd Burros did rquier his wife to give him a written

748 1116 89 72 her

161 1054 2149 238 covenant under hand and Seall that shee would never

161 1155 2103 218 reveall his secrits, our anser was that they had once

171 1253 2064 215 made a covenant before god and men which covenant

180 1337 2091 208 we did conseive did bind each other to keep their

174 1431 2124 219 lawfull secrits, and further saith that all the time

176 1532 1970 238 that s'd Burros did live att our house he was a very

217 1590 2024 317 harsh sharp man to his wife, notwithstanding

189 1717 1965 268 to our observation shee was a very good and dutifully

184 1938 588 145 wife to him

1431 1899 591 122 Jurat in Curia

2130 3554 60 151 25
