2580 3726
254 24 2102 154 The Examination of Elizabeth Jonson Taken Before Dudley Broads

1358 40 137 93 Jun'r

260 126 733 109 the 11 August 1692

256 217 2102 116 That Goody Carrier brought a book to her & she set her hand to it --

1072 142 805 137 She confesseth as followeth

254 306 2098 99 That Goody Carrier baptized her when she Baptized her Daughter Sarah &

267 360 2067 124 that Goody Carr'r told her she Should be Saved if she would be a witch --

244 428 2068 122 That She had bin at Salem Village w'th Goody Carr'r & that She had

267 509 2118 124 been at the Mock Sacrement theire & Saw Mr Burroughs their She Conffesed

267 583 2043 120 She had afflicted Severall persons that the first She afflicted was lawrence

273 643 2079 145 Lacey & that She & Tho Carrier aflected Sarah phelps & Mary Walcutt & Ann

256 732 2061 110 Puttman , the 9th Instant & that She afflicted them this day as She Came to Twone

739 807 1620 158 and that She hath afflicted Ephrahm Davis the 9 Instant

1445 810 255 68 a Child of

254 883 2110 147 & this day by pinching it and that she afflicted ann Puttnam w'th a Spear

240 977 2072 130 That She and goody Carrier afflicted Benja' Abbott -- That Goody

244 1055 2110 129 Toothaker & 2 of her Children ware w'th her the last night when She

258 1163 2117 116 afflicted the children -- She also confsesed that one Dan'll Ems of Box=

223 1214 2151 164 =ford was w'th. her one the 8th & 9th Instant at night & he afflicted Sarah

231 1324 2133 141 Phelps , & told her he had been a witch Ever Since he ran away --

240 1407 2108 124 and that she had a hand in Afflicting Timo' Swan

231 1525 2158 128 The Examination of Tho. Carrier Taken before Dudly Broadstret

316 1606 2017 124 Esq'r on of their Majesties Justices of the Peace --

457 1668 578 87 being acused of witchcraft

285 1703 2019 112 Tho. Carr'r Conffeseth that he was guilty of witchcraft & that he had

304 1778 2017 105 been a witch a week & that his Mother taught him witchcraft --

282 1844 2040 115 That a Yellow bird apeared to him & Spoke to him w'ch She being

294 1925 2052 116 affrighted his Mother apeared to him & brought him

503 1987 1846 130 book & bid him Sett his hand to it telling him it would doe him good if he did

281 2078 1816 114 Soe & that She would tear him in peices if he would not --

246 2140 2102 120 That his Mother baptized him in ShawShin River pulled of his Cloths

93 1741 183 510 Tho Carrier

265 2229 2128 105 & put him into the River & that his Mother then told him he was hers for Ever

219 2305 2170 114 That his Moth'r bid him afflict Mary Walkutt Ann Puttman & Sarah Phelps

244 2390 2157 114 And that he went the 9'th Instant at night to Jno Chandlers , that their were

260 2479 2098 102 10 in Company w'th him who rid upon 2 Poles that there were 3 men in

262 2556 2113 99 the Company & 2 of the woeman belonged to Ispwich whose names ware

269 2624 2112 106 Mary & Sarah & that he Saw Betty Johnson in the Company & Conffesed

285 2692 2124 145 hat he did the 9'th Instant at night afflict Sarah Phelps & Ann Puttnam

279 2780 859 99 by pinching them. --

254 2850 2031 145 The Examination of Sarah Carrier Taken before Dudly Broadstreat

283 2945 2089 137 Sarah Carrier Confeseth as followeth that she hath been a witch Ever Since She was

590 2922 629 79 being accused of witchcraft

275 3020 2126 136 Six years Old that her Moth'r brought a red book to her and She touched it that her Moth'r Baptiz'd

262 3069 2127 158 her in Andrew fostters pauster the day before She went to prison & that her Moth'r promised

258 3127 2081 180 her she should not be hanged that her Mother taught her how to afflicte persons

256 3202 2158 190 by pinching them or Setting on them that She began to afflict Sarah Phelps last Satterdy

246 3293 2149 182 & that Betty Johnson was w'th her that her Moth'r gave her a Spear last Night

221 3374 1677 155 & that She pricked Sarah Phelps & Ann Puttnam w'th it.

43 2937 202 553 Sarah Carrier
