1546 1768
276 12 807 107 To Jno Partredg field Marshal

179 86 1263 115 You are Required in their Maj'sts names to aprehend

130 154 1370 101 the body of mr George Buroughs at present preacher at

204 216 1292 88 Wells in the provence of Maine, & Convay him with all Speed

200 271 1269 80 to Salem before the Magestrates there, to be Examened,

192 324 1289 78 he being Suspected for a Confederacy with the devil in

200 374 1306 76 opressing of Sundry about Salem as they relate. I having

210 420 1297 81 Receved perticuler Order from the Govern'r & Council of

195 477 1309 74 their Maj'sts Colony of the Masathusets, for the Same, you

187 533 1310 65 may not faile herein, Dated in portsmouth in the

198 584 847 68 provenc of Hamshire. Aprel.30'th 1692

822 648 666 100 Elisha Hutchinson Maj'r

268 859 1239 84 By Virtue of this warrant I Apprehended s'd George

270 929 1209 65 Burroughs and have Brought him to Salem and

285 985 1189 67 Delievered him to the Authority there this fourth

282 1039 557 91 day of May 1692

903 1052 543 76 John Partridge feild

935 1133 411 75 marshall of the

1361 1132 160 60 Provence

944 1174 540 96 of newhansher and maine
