1534 1212
617 56 558 57 Portsmouth, May 2. 1692

108 101 293 54 Gentlemen

341 143 1145 65 I Recd an order from the Gov'r & Council to aprehend

249 194 1258 65 mr George Buroughs at present preacher at Wells, to be Sent

237 233 1274 68 to Salem their to be Examened, being Suspected to have Confedracy

240 290 1255 58 with the devil in opressing Sundry persons about yo'r Towne of

239 324 1263 63 Salem, accordingly I have sent him by John Partredg Marshal

247 364 1231 65 of this provence, Except he meet with any other Authority

243 405 1238 81 that will commit him to Some other officer to be Convayed as

244 444 1250 86 above, he pleading it will be to his damage to go So far, I am

902 496 514 80 yo'r humble Servant

925 547 457 85 Elisha Hutchinson
