1554 2339
674 50 795 95 Anno Regis et Reginae Willim et

711 128 740 79 Mariae nunc Angliae &c Quarto

64 175 127 131 Essex

227 239 1268 79 ss The Jurors for our Sovereigne Lord and Lady the

331 306 1196 85 King and Queen pr'sents That George Burroughs

335 413 1170 71 Mattathusets Bay in New England Clerke --

411 362 1078 86 late of Falmouth w'thin the province of the

345 462 1190 75 The Ninth Day of May -- in the fourth Year

343 518 1151 82 of the Reigne of our Sovereigne Lord and Lady

322 595 1207 71 William and Mary by the Grace of God of England

323 661 1195 87 Scottland France and Ireland King and Queen

351 736 1167 77 Defenders of the faith &c Diver other Days

334 810 1191 65 and times as well before as after, certaine De-

312 877 1202 76 -testable Arts called wicthcraft & Sorceries --

323 939 1178 96 wickedly and feloniously hath used Practiced &

327 1026 1187 82 Exercised at and within the Township of Salem

339 1101 1182 73 in the County of Essex & aforesaid, in Upon & ag't

334 1169 1188 82 one Elizabeth Hubbard of Salem in the County

349 1224 665 70 of Essex Singlewoman --

335 1304 1200 78 by which said wicked Arts the said Elizabeth Hubbard

336 1368 1185 87 the Ninth Day of May -- in the fourth Year

334 1439 1167 68 aboves'd and Divers other Days and Times as

335 1500 1191 73 well before as after.was.and is Tortured afflicted

325 1559 1204 79 Pined Consumed wasted and Tormented.also for

327 1625 1197 83 Sundrey other Acts of witchcrafts by Said George

321 1686 1188 91 Burroughs .Committed and done ag't the Peace

334 1771 1184 84 of our Sovereigne Lord & Lady the King & Queen

330 1837 1182 86 their Crowne and dignity and ag't the forme of

266 1903 1143 82 the Statute in that case made & Provided:

193 1977 219 68 Witnesses

293 2011 463 103 Elizabeth Hubbard

316 2098 410 75 Mary Wolcott

340 2159 429 73 Ann Putman
