1523 2339
706 37 722 89 Anno Regis et Reginae Willim et

701 115 711 79 Mariae nunc Angliae &c Quarto

20 218 1475 112 Essex ss The Jurors for our Sovereigne Lord and Lady the King and

231 302 1254 73 Queen pr'sents That George Burroughs

235 365 1268 62 late of falmouth in the province of the Massach'ts

223 452 1276 80 the Ninth Day of May in the fourth Year of the

239 405 747 68 Bay in New England, Clerk -

215 515 1256 73 Reigne of Our Sovereigne Lord and Lady William and

210 578 1266 71 Mary by the Grace of God of England Scottland France

211 644 1274 78 and Ireland King and Queen Defenders of the faith &c

210 714 1248 68 and Divers other Days and times, as well before, as after,

214 777 1244 70 Certaine Detestable Arts called Witchcrafts, and Sorceries,

211 836 1257 93 Wickedly, and felloniously, hath used Practised.&.Exercised

218 913 1260 74 at and within.the Towneship of Salem in the County of

213 990 1277 76 Essex aforesaid in upon and ag't one Mary Walcott

255 1048 1242 82 of Salem Villiage in the County of Essex

278 1107 332 66 Singlewoman

222 1150 1268 67 by which said wicked Arts the said Mary Walcott

211 1204 1266 72 the Ninth Day of May in the forth Year aboves'd

207 1270 1286 69 and Divers other Days and times as well before as after

210 1334 1266 69 was and is Tortured afflicted Pined Consumed wasted and

202 1402 1276 79 Tormented.ag't the Peace of our Sover- eigne Lord and Lady

204 1470 1256 89 the King and Queen and ag't the forme of the Statute

207 1538 780 73 in that case made and Provided:

93 1595 263 94 Witnesses

107 1680 469 87 Mary Walcott

111 1745 567 83 Sarah Vibber Jurat

113 1834 376 70 Mercy Lewis

109 1902 440 71 Ann Putnam

107 1947 388 108 Eliz. Hubbard
