1568 2339
702 63 737 83 Anno Regis et Reginae Willim et

670 126 725 83 Mariae nunc: Angliae &c Quarto

66 192 1457 135 Essex ss The Jurors for our Sovereigne Lord and Lady the King and

261 287 1141 89 Queen pr'sents That George Burroughs late of

278 345 1243 86 falmouth in the province of the Massachusets Bay

266 383 629 69 in New England - Clarke -

249 432 1233 87 The Day of May in the forth Year of the

455 426 120 40 ninth

241 501 1286 82 Reigne of our Sovereigne Lord and Lady William and

235 563 1303 86 Mary by the Grace of God of England Scottland France

245 631 1283 83 and Ireland King and Queen Defenders of the faith &c

248 706 1254 73 and Divers other Dayes and times, as well before as

245 778 1261 65 after certaine Detestable Arts called Witchcrafts

248 840 1279 77 and Sorceries. Wickedly and felloniously, hath used --

243 921 1289 67 Practised and Exercised at and within the Towneship

243 987 1289 81 of Salem in the County of Essex afores'd in, upon.and

247 1062 1279 85 ag't one Mercy Lewis of Salem Villiage in

249 1126 1235 81 the County of Essex in New England --

245 1199 1263 62 by which wicked Arts the said Mercy Lewis --

243 1252 1296 79 the Ninth Day of May -- in the fourth Year afores'd

244 1331 1300 73 and Divers other Dayes and times as well before as after

241 1389 1293 78 was and is Tortured afflicted Pine Consumed Wasted

241 1450 1297 92 and Tormented: ag't the Peace of our Sovereigne Lord

241 1522 1286 99 and Lady the King.and Queen, and ag't the forme of

245 1595 1121 90 the Statute in that case made and Provided/.

39 1647 231 109 Witnesses.

83 1776 366 71 Mercy Lewis

78 1842 405 77 Mary Walcott.

74 1899 400 95 El. Hubbard

137 1968 386 83 Ann Putnam
