1574 1518
587 227 280 52 1st June 1692

181 285 1365 64 Abigaile Hobbs then confessed before John Hathorn & Jonathan cor- win Esq'rs That

188 340 1352 63 at the generall meeting of the Witches in the feild near Mr Parrisse's house she

191 387 1341 72 saw Mr George Burroughs , Sarah Good Sarah Osborne Bridgett Bishop als

192 433 1355 77 Olliver & Giles Cory , two or three nights agone, Mr Burrough came & sat at the window

210 471 1313 79 & told her he would terribly afflict her for saying so much ag't him & then pinched

187 527 1339 63 her, deliverance Hobbs then saw s'd Burroughs & he would have tempted her to sett

188 576 1299 67 her hand to the book & almost shooke her to pieces because she would not doe it,

180 877 1347 55 Mary Warren Testifyeth that when she was in prison in Salem about a fortnight

183 915 1337 73 agone Mr George Burroughs , Goody Nurse Goody procter , Goody parker, Goody

708 951 468 38 Goody Darling [Dowing?] & others unknowne

185 961 1342 72 pudeator, Abigail Soames, Goodman procter, came to this depon't & Mr Burroughs

177 1006 1353 78 had a trumpett & sounded it, & they would have had this depon't to have gone up with

175 1052 1313 80 them to a feast at Mr parris- ses & Goody Nurse & Goody procter told her this depon't

176 1098 1359 76 they were Deacons & would have had her eat some of their sweet bread & wine & she

177 1144 1352 87 asking them what wine that was one of them said it was blood & better then our wine

176 1184 1351 98 but this depon't refused to eat or drink with them & they then dreadfully afflicted her

176 1275 217 52 at that tyme.

851 1263 416 66 John Hathorne

48 1307 465 66 Sworne the first of June 1692

399 1343 148 50 before us

817 1301 416 85 Jonathan Corwin

64 1367 1412 64 Md. that at the time of the taking of this deposicon Goody Nurse appeared in the roome &

70 1398 1385 71 afflicted the Depon't Mary & Deliverance Hobbs as they attested & alsoe almost Choaked

72 1431 1448 84 abigaile Hobbs as alsoe testified, & Mr English then run a pin into Maryes hand as she attested

1462 42 13 49 6
