2393 3509
881 23 121 76 wid

376 60 1332 109 Mary Webber aged aboute 53 years

358 155 1937 115 Testifieth and sayth that she liveing at Casco Bay aboute

368 241 1898 96 six or seaven years agoe, when George Burroughs

368 309 1839 98 was Minester at s'd place, and liveing a neerer --

362 362 1917 123 Neighbour to s'd Burroughs , was well acquainted with

366 430 1931 137 his wife w'ch was dauter to mr John Ruck of Salem

356 499 1935 144 she hath heard her tell much of her husband unkindness

356 590 1951 139 to her and that she dare not wright to her father to acquaint

356 668 1949 139 how it was with her, and soe desired mee to wright

347 742 1942 146 to her father that he would be pleased to send for her and

349 826 1950 148 told mee she had beene much affrighted, and that something

354 908 1929 148 in the night made anoise in the chamber where she lay

351 986 1909 150 as if one Went aboute the Chamber, and she calling up

347 1066 1923 166 the negro. to come to her the negro not Comeing sayd

349 1159 1862 152 that she could not Come some thing stopt her, then

347 1232 1942 156 her husband being called he came up. something

343 1319 1942 162 Jumped down from between the Chimney & the side of

349 1401 1926 160 the house and Run down the stairs and s'd Burroughs

345 1495 1942 152 followed it down, and the negro then s'd it was something

349 1582 1862 145 like a white calfe: another tyme lyeing with her

345 1662 1950 137 husband some thing came into the house and stood by

343 1752 1958 135 her bed side and breathed on her, and she being much

339 1834 1942 134 affrighted at it, would have awakened her husband

339 1926 1948 124 but could not for a considerable tyme, but as soone

335 2011 1939 135 as he did awake it went away., but this I heard

341 2101 1923 119 her say. and know nothing of it myselfe otherwise

333 2189 1907 123 Except by common report of others also concerning

327 2257 1679 146 such things Salem August 2'd 1692 --

1501 2358 695 115 mary webber
