1338 1710
362 15 896 94 The deposition of Thomas Greinslitt

366 84 890 88 aged about forty years Testfieth

19 146 339 64 in New England

28 212 218 83 Essex Ss.

292 250 916 92 That about the breaking Out of this

295 322 926 67 last Indian Warr being at the house

293 380 967 63 of Capt Scottow's at black point he Saw

291 429 962 66 Mr George Burroughs lift and hold Out

286 470 984 76 a gunn of Six foot barrell or thereabouts

293 526 969 79 putting the forefinger of his right hand

288 579 986 80 into the Muzle of s'd gunn and So held it

291 634 980 70 Out at Armes End Only with that finger

286 690 969 68 and further this deponent Testifieth

281 741 956 71 that at the Same he Saw the Said

279 792 936 74 Burroughs take up a full barrell of

278 858 981 68 Malasses w'th but two fingers of one

286 918 991 66 of his hands in the bung & Carry it

287 976 963 60 from the Stage head to the Door at the

279 1025 969 67 End of the Stage Without letting it

291 1075 991 59 downe & that Liut Richard Hunniwell

278 1127 1005 63 & John Greinslitt & Some other persons

277 1174 1006 76 that are Since dead Were then

302 1234 239 64 present.

28 1316 1225 66 Salem Sep'r 15'th 1692 Thomas Greinslitt appeared

74 1360 612 70 before their Maj'ties

61 1432 1235 69 in Open Court & Made Oath that the above

710 1379 585 63 Justices of Oyer & Terminer

69 1490 1218 63 mentioned perticulars & Every part of them

51 1547 397 58 were True

649 1547 611 76 attest *Step. Sewall Clr

31 42 284 60 Province of the

28 86 301 66 Mattathusets Bay

794 736 66 44 time
