1527 1261
1311 16 63 42 11a

134 53 1344 113 The deposistion of Tho. putnam aged 40: years and Edward putnam

143 109 1338 98 agged 38 years who testifieth and saith. that we haveing ben conversan

149 153 1338 98 with severall of the afflected persons as maryWolcott mercy lewes

128 189 1347 105 Eliz: Hubburt and we have seen them most dreadfully tomented and we

133 231 1342 112 have seen dreadfull marks in their fleesh which they said Mr. Burroughs

147 280 1342 108 did make by hurting them: but on 9'th may 1692 : the day of the Examination

160 315 1323 127 of Mr. George Burroughs the afforesaid parsons were most dreadfully

151 352 1333 133 tormented dureing the time of his Examination as if they would

152 408 1342 120 have been torne al to peaces or all their bones putt out of joynt

149 472 1339 96 and with such tortors as no tounge can express also severall times sence

280 511 1199 103 we have seen the afforesaid afflected parsons most dreadfully

161 552 1297 111 tormented and greviously complaining of Mr. Burroughs for hurting them

162 605 1311 98 and we beleve that Mr. George Burroughs the prisoner att the bar

156 644 1321 117 has severall times af- flected and tormented the afforesaid persons by

158 743 347 75 acts of wicthcraft

1115 705 320 69 Thomas putnam

967 823 337 60 Jurat in Curia
