1581 1231
134 109 98 51 The

398 113 1096 109 tion of Eliz: Hubberd who testifieth and saith that I have

51 162 172 41 that along

363 176 1158 84 ben afflected by a woman which tould me hir name was

131 210 1377 96 Mist. Bradbery of salisbury but on the: 2 day of July 1692 being

129 270 1384 85 the day of the Examination of Mist. Mary Bradbery I then saw

127 322 1376 82 that it was the very same woman that tould me hir name was Mist'

117 391 1413 64 Bradbery : and she did most greviously torment me dureing the

123 442 1401 79 time of hir Examination for if she did but look upon me she wou

109 489 1428 68 strick me down or allmost choake also on the day of hir Examinat

834 490 46 39 me

123 531 1402 78 I saw Mist. Bradbery or hir Apperance most greviously afflect &

103 583 1405 77 torment mary wolcott Sarah Vibber and Ann [Putnam] and

127 610 1394 110 I beleve in my hart that Mist. Bradbery is a wicth and that she

117 664 1414 116 has very often afflected and tormented me and the afforrmentioned

110 718 1419 111 persons by hir acts of wicthcraf for sense she has ben in prison she

103 763 1426 124 or hir Apperance has com to me and most greviously tormented

114 828 1226 121 me which if she were not a wicth she cold not doe

110 899 1383 107 elizabeth huberd on hear owned this har testimony to be the truth

100 966 1154 92 before the grand Inquest this 9 dy of September 92

1331 80 47 42 116

1456 106 31 31 U
