1596 1292
1401 20 113 28 12a U

116 33 1430 99 The deposistion of Ann putnam who testifieth and saith that ever sence

115 79 1417 101 the begining of May 1692 I have ben afflected by a woman which tould

129 119 1402 101 me hir name was Mis Bradbery and that she came from Salisbury, but

119 174 1436 94 on the 2'th day of July 1692 being the. day of the Examination of Mis Mary

118 207 1433 126 Bradbery I then saw that was the very same woman that tould me

119 251 1412 133 hir name was Mis Bradbery and she most greviously afflect and

101 305 1456 125 and torment me dureing the time of hir Examination for if she did

109 377 1439 108 but look upon me she would strick me down or almost choak me

96 434 1442 94 also on the day of hir Examination I saw mis. Bradbery most

130 489 1382 89 greviously afflet and torment Mary Walcott. Sarah Vibber and

110 540 1413 81 Eliz. Hubburd and I beleve in my hart that Mis Bradbery is a wicth

106 587 1430 90 & that she has often affleted me and severall others by hir acts of

106 648 1431 84 wicthcraft: also there Appered to me my uncle Jno Carr in a

104 690 1456 88 winding sheet: whom I very well knew in his life time: and he tould

106 742 1450 87 me that mis Bradbery had murthered him and that his blood did

123 805 1441 69 Crie for venjance against her: also mis Bradbery or hir Apperance

101 871 1457 52 tould me that it was she that made my fathers sheep to run a

316 913 1233 66 they were all lost: and that she had killed my fathers

102 963 1310 80 curse and also kiled that horse he took such delight in

101 1042 1434 62 An: Putnam affirmed to the Jury of inquest: to the truth of the above written evidence on oath

101 1088 256 59 Sept'r 9: 1692

640 243 72 42 she
