1477 1238
170 113 1204 70 posistion of Mary Walcott who testifieth and saith that I

144 180 1246 57 een along time afflected with a woman which tould me hir

125 230 1258 70 was Mis: Bradbery: and that hir husband was Capt of Salisbury

125 275 1289 84 the 2 day of July 1692 : being the day of the Examination

134 332 1211 76 Bradbery of Salisbury I then saw that she was the very

129 388 1257 74 woman that tould me hir name was Mist. Bradbery and then

176 437 1215 71 most greviously afflect and torment me dureing the time

174 476 1252 83 xamination for if she did but look upon me she would strick

121 532 1301 65 wn or all most choak me: also on the day of hir Examination

139 578 1281 72 mist mary Bradbery or hir Apperance most griviously afflect

103 629 1314 64 torment mercy lewes  Eliz. Hubberd mary warren Sarah vibber

90 677 1330 69 Ann putnam and I verily beleve that mistris mary Bradbery is a

114 720 1293 73 dread wicth and that she hath very often afflected me and the

136 769 1243 68 named parsons by acts of wicthcraf for sence she has been in

92 821 1334 68 son she or hir apperanc has come to me and has most greviously tor

110 868 1312 63 ed me: also their appeared to me a yong man in a winding sheet

126 909 1297 77 tould me his name was Jno Carr and that Mis Bradbery had murth

181 951 1033 79 that his blood did cry for venjance against hir

152 1014 1286 86 Walcot affirmd: to the truth of the above written evidence before the Jury of Inquest: upon her oath

153 1086 79 43 1692

1255 49 49 39 126
