<?xml version="1.0" encoding="UTF-8"?>
<alto xmlns:xsi="http://www.w3.org/2001/XMLSchema-instance"
      xmlns="http://www.loc.gov/standards/alto/ns-v4#"
      xsi:schemaLocation="http://www.loc.gov/standards/alto/ns-v4# http://www.loc.gov/standards/alto/v4/alto-4-2.xsd">
  <Description>
    <MeasurementUnit>pixel</MeasurementUnit>
    <sourceImageInformation>
      <fileName>H16A.jpg</fileName>
      
    </sourceImageInformation>
  </Description>
  
  <Tags>
    <OtherTag ID="BT1" LABEL="Title" DESCRIPTION="block type Title"/><OtherTag ID="BT2" LABEL="Main" DESCRIPTION="block type Main"/><OtherTag ID="BT3" LABEL="Commentary" DESCRIPTION="block type Commentary"/><OtherTag ID="BT4" LABEL="Illustration" DESCRIPTION="block type Illustration"/><OtherTag ID="BT6" LABEL="text" DESCRIPTION="block type text"/>
    <OtherTag ID="LT6" LABEL="default" DESCRIPTION="line type default"/>
  </Tags>
  
  <Layout>
    <Page WIDTH="1581"
          HEIGHT="1234"
          PHYSICAL_IMG_NR="25"
          ID="eSc_dummypage_">
      <PrintSpace HPOS="0"
                  VPOS="0"
                  WIDTH="1581"
                  HEIGHT="1234">
        
        <TextBlock HPOS="123"
                   VPOS="43"
                   WIDTH="1438"
                   HEIGHT="927"
                   ID="eSc_textblock_560c2e41"
                   TAGREFS="BT6">
          <Shape><Polygon POINTS="320 43 358 49 378 65 454 68 496 82 955 82 1318 104 1375 101 1378 79 1411 57 1461 71 1539 63 1548 74 1537 111 1553 191 1548 221 1561 364 1548 397 1539 772 1509 783 1285 789 1268 800 1189 808 1169 836 1170 847 1219 866 1479 877 1495 891 1493 915 1282 937 860 926 754 934 734 945 452 942 410 961 353 970 287 959 260 910 307 854 304 751 293 736 298 704 279 684 208 682 172 662 131 569 123 460 142 438 153 388 164 224 191 191 296 166 296 82 307 52 320 43"/></Shape>
          
          
          <TextLine ID="eSc_line_b305d881"
                    TAGREFS="LT6"
                    BASELINE="340 124 599 130 641 133 1018 143 1223 160 1523 163" 
                    HPOS="338"
                    VPOS="71"
                    WIDTH="1184"
                    HEIGHT="108">
            <Shape><Polygon POINTS="1121 92 1116 91 1093 98 1054 88 1053 88 1052 88 1016 96 1004 98 993 95 966 86 965 86 842 82 834 82 823 82 813 82 803 82 793 82 782 82 777 82 764 87 729 99 642 82 638 82 628 82 618 82 607 82 597 82 595 82 525 96 496 94 464 78 463 78 462 78 397 86 341 71 339 123 338 147 438 150 439 150 440 150 481 137 497 143 498 143 499 143 594 139 644 149 645 149 732 143 755 152 756 152 757 152 791 147 982 150 992 157 993 157 994 157 995 157 1023 153 1086 159 1105 168 1107 169 1108 169 1109 169 1116 169 1172 161 1210 171 1214 172 1215 172 1216 172 1225 171 1271 166 1310 174 1318 175 1319 175 1334 174 1377 172 1404 176 1415 178 1416 178 1423 177 1453 171 1519 179 1522 162 1522 114 1503 110 1502 110 1501 110 1500 110 1491 114 1465 123 1446 117 1445 117 1444 117 1239 117 1211 106 1210 106 1209 106 1161 106 1147 100 1129 92 1121 92"/></Shape>
	    <String CONTENT="posistion of sarah vibber who testifieth and saith"
                    HPOS="338"
                    VPOS="71"
                    WIDTH="1184"
                    HEIGHT="108"></String>
          </TextLine>

          
          
          <TextLine ID="eSc_line_1b5e1ab6"
                    TAGREFS="LT6"
                    BASELINE="331 187 692 191 808 199 1096 211 1230 211 1423 220 1532 218" 
                    HPOS="331"
                    VPOS="154"
                    WIDTH="1201"
                    HEIGHT="78">
            <Shape><Polygon POINTS="331 187 331 196 459 198 466 200 493 205 494 205 543 203 581 209 621 210 621 210 650 206 664 204 735 205 743 209 748 210 749 210 750 210 774 209 822 208 850 211 889 217 890 217 949 215 953 215 955 215 971 219 972 219 1044 220 1044 220 1055 218 1064 216 1072 218 1083 222 1083 222 1084 222 1109 220 1133 218 1144 220 1147 222 1148 222 1149 222 1162 221 1194 220 1249 224 1252 224 1253 224 1253 224 1278 219 1304 226 1311 227 1312 227 1312 227 1326 226 1346 224 1357 227 1363 228 1364 228 1365 228 1392 228 1440 227 1530 232 1532 218 1532 181 1445 180 1445 180 1366 188 1086 182 1042 170 1041 170 1040 170 1000 168 972 168 972 168 971 168 946 175 896 166 892 166 891 166 889 166 834 175 784 164 778 163 691 161 691 161 685 161 667 165 604 160 582 158 581 158 573 159 538 165 460 156 441 154 440 154 431 156 388 163 331 154 331 187"/></Shape>
	    <String CONTENT="have along time ben afflected by a woman which tould"
                    HPOS="331"
                    VPOS="154"
                    WIDTH="1201"
                    HEIGHT="78"></String>
          </TextLine>

          
          
          <TextLine ID="eSc_line_d0a7e8f6"
                    TAGREFS="LT6"
                    BASELINE="184 284 334 286 612 304 850 312 1547 310" 
                    HPOS="184"
                    VPOS="254"
                    WIDTH="1363"
                    HEIGHT="74">
            <Shape><Polygon POINTS="184 284 184 303 582 306 630 309 635 311 652 316 652 316 653 316 654 316 669 311 671 311 673 311 743 322 955 324 955 324 1003 321 1068 325 1069 325 1070 325 1094 319 1107 315 1134 314 1169 320 1205 327 1347 328 1348 328 1349 328 1363 324 1369 322 1378 324 1400 328 1401 328 1424 324 1451 321 1546 327 1547 310 1546 291 1480 290 1475 289 1416 274 1415 274 1342 285 1320 289 1291 289 1264 283 1251 281 1250 281 1238 282 1204 287 1116 280 1064 280 1064 280 1036 286 939 286 912 279 911 279 864 280 837 274 798 273 798 273 773 278 719 268 696 264 667 263 666 263 645 266 582 274 542 272 513 263 511 262 510 262 510 262 502 262 485 263 480 261 465 257 464 257 426 256 425 256 409 259 375 268 333 257 319 255 184 254 184 284"/></Shape>
	    <String CONTENT="but on the 2 day of July 1692 being the day of the Examin-"
                    HPOS="184"
                    VPOS="254"
                    WIDTH="1363"
                    HEIGHT="74"></String>
          </TextLine>

          
          
          <TextLine ID="eSc_line_63cba2c1"
                    TAGREFS="LT6"
                    BASELINE="192 239 790 256 918 264 1051 263 1184 268 1312 265 1542 268" 
                    HPOS="190"
                    VPOS="196"
                    WIDTH="1351"
                    HEIGHT="88">
            <Shape><Polygon POINTS="191 238 190 253 325 249 455 258 456 258 457 258 470 253 491 261 497 263 498 263 499 263 516 262 565 257 603 263 620 266 621 266 647 264 678 262 688 265 693 267 694 267 695 267 705 265 736 260 845 268 913 273 1038 275 1039 275 1056 272 1078 268 1101 273 1125 278 1126 278 1230 276 1265 275 1276 276 1311 282 1312 282 1313 282 1324 277 1331 275 1373 275 1416 279 1465 284 1466 284 1467 284 1476 280 1482 278 1539 281 1541 267 1541 229 1469 223 1468 223 1405 226 1404 226 1400 227 1361 237 1220 235 1184 223 1157 214 1156 214 1155 214 1083 222 1069 223 1066 222 1049 213 1048 213 1012 212 1011 212 977 221 947 227 831 226 806 218 765 205 764 205 628 202 627 202 548 214 542 214 534 213 410 196 409 196 334 200 333 200 296 210 294 210 191 209 191 238"/></Shape>
	    <String CONTENT="me hir name was Mis Bradbery and that she came from Salisbury"
                    HPOS="190"
                    VPOS="196"
                    WIDTH="1351"
                    HEIGHT="88"></String>
          </TextLine>

          
          
          <TextLine ID="eSc_line_09c9e1b2"
                    TAGREFS="LT6"
                    BASELINE="174 343 437 346 474 359 632 364 908 367 963 373 1152 376 1421 373 1536 376" 
                    HPOS="172"
                    VPOS="306"
                    WIDTH="1363"
                    HEIGHT="84">
            <Shape><Polygon POINTS="172 356 463 359 479 364 505 370 506 370 546 366 555 365 565 366 614 374 615 374 665 368 689 366 697 369 733 383 734 383 879 384 880 384 881 384 911 374 914 373 918 374 962 385 963 385 964 385 1018 378 1065 386 1066 386 1067 386 1094 380 1165 388 1166 388 1358 385 1390 390 1391 390 1419 385 1442 381 1533 387 1535 375 1535 335 1514 330 1513 330 1512 330 1511 330 1495 335 1484 338 1475 334 1442 319 1441 319 1411 319 1410 319 1409 319 1368 332 1342 339 1132 338 1105 328 1104 328 1103 328 1102 328 1073 337 1000 337 979 328 978 328 977 328 941 334 909 327 908 327 853 334 752 334 722 324 721 324 720 324 655 332 560 314 537 310 174 306 173 342 172 356"/></Shape>
	    <String CONTENT="of Mis Mary Bradbery I was most greviously tormented by hir"
                    HPOS="172"
                    VPOS="306"
                    WIDTH="1363"
                    HEIGHT="84"></String>
          </TextLine>

          
          
          <TextLine ID="eSc_line_57f91e82"
                    TAGREFS="LT6"
                    BASELINE="174 405 879 421 1143 427 1506 421" 
                    HPOS="172"
                    VPOS="360"
                    WIDTH="1333"
                    HEIGHT="81">
            <Shape><Polygon POINTS="173 404 172 412 285 414 311 421 312 421 313 421 346 416 445 417 480 429 481 429 482 429 548 424 579 430 580 430 581 430 603 421 629 431 630 431 678 432 679 432 712 425 735 433 736 433 737 433 738 433 771 425 894 436 895 436 946 429 998 438 999 438 1070 434 1178 441 1179 441 1266 430 1327 438 1328 438 1362 432 1410 439 1411 439 1504 432 1505 420 1504 382 1403 380 1402 380 1400 380 1375 390 1351 386 1350 386 1349 386 1314 397 1255 397 1191 380 1190 380 1189 380 1188 380 1143 394 993 393 968 383 967 383 966 383 965 383 932 391 853 389 829 381 828 381 827 381 663 387 595 368 594 368 593 368 592 368 560 378 507 366 506 366 505 366 502 366 423 371 358 364 357 364 310 371 261 363 173 360 173 404"/></Shape>
	    <String CONTENT="dureing the time of hir Examination: tho for a good while"
                    HPOS="172"
                    VPOS="360"
                    WIDTH="1333"
                    HEIGHT="81"></String>
          </TextLine>

          
          
          <TextLine ID="eSc_line_1e56b203"
                    TAGREFS="LT6"
                    BASELINE="148 464 259 463 600 463 754 474 883 474 1028 481 1535 468" 
                    HPOS="146"
                    VPOS="421"
                    WIDTH="1388"
                    HEIGHT="70">
            <Shape><Polygon POINTS="1485 421 1484 421 1464 428 1446 436 1409 428 1400 427 1399 427 1398 427 1394 428 1368 438 1326 438 1277 428 1258 424 1255 425 1247 425 1238 427 1201 439 1052 439 1017 427 1011 425 1010 425 1009 425 994 427 908 440 840 426 822 423 746 423 745 423 744 423 736 426 720 431 703 426 692 422 691 422 690 422 657 425 543 439 518 431 517 431 516 431 515 431 496 437 468 425 458 421 457 421 456 421 455 421 442 425 409 434 383 424 377 422 376 422 343 422 342 422 341 422 332 424 295 434 265 424 262 423 261 423 260 423 146 423 147 463 148 489 186 478 517 476 590 476 626 486 635 488 636 488 637 488 651 485 692 476 728 485 741 488 742 488 743 488 768 484 805 479 827 484 854 491 855 491 856 491 910 486 1166 488 1167 488 1168 488 1193 481 1198 480 1203 481 1223 487 1224 487 1225 488 1275 488 1275 487 1276 487 1302 480 1319 476 1341 480 1374 486 1375 486 1429 479 1451 477 1533 478 1534 467 1532 429 1486 421 1485 421"/></Shape>
	    <String CONTENT="she would not let me se hir parsonally but at last I saw hir"
                    HPOS="146"
                    VPOS="421"
                    WIDTH="1388"
                    HEIGHT="70"></String>
          </TextLine>

          
          
          <TextLine ID="eSc_line_3ac8aa3c"
                    TAGREFS="LT6"
                    BASELINE="161 516 240 519 361 520 830 523 989 523 1195 514 1536 515" 
                    HPOS="159"
                    VPOS="472"
                    WIDTH="1376"
                    HEIGHT="65">
            <Shape><Polygon POINTS="1301 474 1290 474 1286 474 1273 480 1256 487 1175 482 1174 482 1173 482 1151 488 856 488 824 479 805 474 797 474 786 474 769 479 752 484 691 486 668 479 660 476 659 476 658 476 657 476 649 479 624 487 594 479 570 472 569 472 498 472 497 472 462 478 461 478 439 474 438 474 437 474 421 478 388 487 356 478 335 472 334 472 267 472 266 472 265 472 247 478 245 478 240 478 187 472 186 472 160 477 160 515 159 525 199 525 205 527 225 533 226 533 227 533 257 527 262 526 270 527 345 536 346 537 482 537 482 536 483 536 519 527 525 526 535 527 559 530 560 530 561 530 572 527 581 525 606 527 699 536 700 537 816 537 816 536 817 536 835 529 893 532 894 532 895 532 909 528 918 525 938 528 983 534 984 534 1012 529 1130 532 1131 532 1132 532 1144 528 1154 525 1236 528 1318 531 1319 531 1381 528 1451 525 1470 528 1501 534 1502 534 1534 528 1535 514 1534 481 1493 472 1436 472 1435 472 1367 480 1349 482 1337 480 1304 474 1301 474"/></Shape>
	    <String CONTENT="and then I saw that it was the very same woman that tould me"
                    HPOS="159"
                    VPOS="472"
                    WIDTH="1376"
                    HEIGHT="65"></String>
          </TextLine>

          
          
          <TextLine ID="eSc_line_bf4820dc"
                    TAGREFS="LT6"
                    BASELINE="156 574 731 566 1066 571 1221 561 1530 554" 
                    HPOS="154"
                    VPOS="521"
                    WIDTH="1375"
                    HEIGHT="75">
            <Shape><Polygon POINTS="155 573 155 596 238 596 239 596 241 595 278 578 342 574 427 583 428 583 429 583 456 575 489 582 490 582 491 582 520 572 571 572 634 583 635 583 696 571 742 583 744 583 745 583 750 583 780 578 795 582 829 589 830 589 831 589 865 579 899 570 952 577 1017 586 1018 587 1081 587 1081 586 1152 585 1153 585 1184 571 1197 566 1245 569 1320 575 1321 575 1376 566 1404 562 1462 562 1469 564 1484 569 1485 569 1486 569 1529 562 1529 553 1526 521 1493 526 1475 521 1474 521 1472 521 1471 521 1469 521 1422 530 1387 523 1386 523 1385 523 1363 530 1321 524 1320 524 1319 524 1300 531 1228 523 1215 522 1214 522 1205 523 1143 534 1083 534 1045 524 1035 522 1034 522 1033 522 1032 522 1024 525 994 535 941 530 940 530 904 536 880 529 879 529 878 529 834 537 728 538 691 527 683 525 681 525 680 525 668 527 640 534 625 528 621 526 620 526 583 526 582 526 563 528 497 537 429 533 428 533 388 542 341 530 336 529 335 529 334 529 321 530 273 536 253 531 249 530 248 530 247 530 154 531 155 573"/></Shape>
	    <String CONTENT="hir name was Mis Bradbery and she has most greviously affleted"
                    HPOS="154"
                    VPOS="521"
                    WIDTH="1375"
                    HEIGHT="75"></String>
          </TextLine>

          
          
          <TextLine ID="eSc_line_475b031e"
                    TAGREFS="LT6"
                    BASELINE="214 619 1221 614 1522 607" 
                    HPOS="212"
                    VPOS="564"
                    WIDTH="1309"
                    HEIGHT="70">
            <Shape><Polygon POINTS="953 569 943 569 940 569 925 573 918 575 910 573 894 569 893 569 892 569 891 569 875 574 853 582 805 582 793 575 781 571 780 571 779 571 778 571 764 576 756 578 748 576 725 569 724 569 673 569 672 569 671 569 637 578 628 581 621 578 605 573 604 573 603 573 602 573 584 579 570 584 550 584 542 579 518 570 517 570 449 570 448 570 447 570 424 578 393 570 392 570 391 570 390 570 357 581 335 573 334 573 333 573 332 573 313 582 212 585 213 618 213 622 276 634 277 634 393 622 438 629 439 629 440 629 464 621 571 621 572 621 692 632 693 632 694 632 716 622 753 620 782 628 783 628 784 628 831 620 880 628 881 628 882 628 906 621 930 630 931 630 932 631 985 631 985 630 986 630 1004 623 1110 630 1111 630 1288 629 1289 629 1312 621 1344 627 1345 627 1393 618 1435 626 1436 626 1521 614 1521 606 1518 564 1444 565 1443 565 1409 578 1351 578 1320 567 1315 565 1314 565 1313 565 1302 567 1273 573 1254 568 1248 566 1247 566 1197 566 1196 566 1174 569 1110 581 1014 581 978 572 960 569 953 569"/></Shape>
	    <String CONTENT="me sence that time allso I have seen Mis Bradbury or Hir"
                    HPOS="212"
                    VPOS="564"
                    WIDTH="1309"
                    HEIGHT="70"></String>
          </TextLine>

          
          
          <TextLine ID="eSc_line_4272919c"
                    TAGREFS="LT6"
                    BASELINE="368 679 1035 660 1320 660 1420 656 1475 647 1519 646" 
                    HPOS="365"
                    VPOS="609"
                    WIDTH="1153"
                    HEIGHT="79">
            <Shape><Polygon POINTS="1050 614 1027 620 1020 621 1017 620 1008 615 1007 615 1005 615 1004 615 994 620 961 635 925 622 908 615 900 615 899 615 868 622 854 617 848 617 838 617 828 617 817 617 809 617 808 617 792 625 791 625 785 625 770 623 769 623 768 623 767 623 764 625 747 635 683 637 650 628 631 622 630 622 629 622 487 625 455 632 435 636 420 632 412 630 411 630 410 630 365 633 367 678 367 688 412 680 726 673 745 678 779 686 780 686 781 686 876 684 877 684 918 672 935 668 952 671 988 678 989 678 1029 669 1047 665 1061 668 1110 678 1111 678 1217 675 1218 675 1241 669 1255 674 1256 674 1258 674 1334 667 1346 671 1347 671 1348 671 1349 671 1373 663 1438 670 1439 670 1440 670 1464 659 1517 652 1518 645 1514 609 1455 611 1454 611 1426 624 1168 629 1150 624 1148 624 1147 624 1146 624 1121 631 1070 619 1053 614 1050 614"/></Shape>
	    <String CONTENT="severall times afflecting the bodyes of mary walcott and"
                    HPOS="365"
                    VPOS="609"
                    WIDTH="1153"
                    HEIGHT="79"></String>
          </TextLine>

          
          
          <TextLine ID="eSc_line_c7ade357"
                    TAGREFS="LT6"
                    BASELINE="330 724 595 717 806 718 1510 711" 
                    HPOS="328"
                    VPOS="666"
                    WIDTH="1180"
                    HEIGHT="70">
            <Shape><Polygon POINTS="329 723 329 730 413 736 414 736 415 736 432 730 584 732 585 732 623 727 627 727 631 727 669 733 670 733 755 728 874 731 875 731 876 731 891 723 892 723 903 723 993 729 994 729 995 729 1008 722 1009 722 1052 722 1084 722 1129 728 1130 728 1162 720 1165 720 1169 720 1213 727 1214 727 1277 721 1440 724 1441 724 1507 716 1508 710 1507 678 1472 669 1471 669 1470 669 1469 669 1438 677 1411 669 1410 669 1349 666 1348 666 1307 667 1306 667 1285 675 1260 667 1259 667 1258 667 1214 668 1165 679 1069 669 1068 669 1067 669 1040 681 1035 683 1025 681 981 673 886 671 885 671 884 671 850 683 842 686 798 686 792 683 781 679 780 679 779 679 778 679 769 683 762 687 662 687 650 684 618 676 617 676 545 676 544 676 543 676 515 685 501 690 328 687 329 723"/></Shape>
	    <String CONTENT="tnam and I beleve in my heart that mis Bradbery is a"
                    HPOS="328"
                    VPOS="666"
                    WIDTH="1180"
                    HEIGHT="70"></String>
          </TextLine>

          
          
          <TextLine ID="eSc_line_d73d6c13"
                    TAGREFS="LT6"
                    BASELINE="383 771 614 773 704 769 817 769 1026 758 1533 762" 
                    HPOS="382"
                    VPOS="716"
                    WIDTH="1150"
                    HEIGHT="70">
            <Shape><Polygon POINTS="960 716 957 716 947 716 937 716 926 716 916 716 906 716 895 717 885 717 878 717 834 724 812 728 792 726 749 719 748 719 747 719 724 726 712 729 697 727 643 717 638 717 632 717 615 722 594 718 593 718 592 718 578 726 564 720 563 720 562 720 561 720 540 729 534 731 456 731 453 730 423 722 422 722 382 730 382 770 382 786 608 786 608 785 617 784 674 773 784 782 785 782 824 777 859 782 880 785 881 785 882 785 890 782 918 772 953 777 954 777 992 770 1039 775 1040 775 1041 775 1062 770 1256 770 1310 777 1311 777 1425 771 1456 772 1469 778 1489 785 1490 785 1491 785 1531 777 1532 761 1531 716 1459 716 1458 716 1457 716 1456 716 1427 730 1294 719 1292 719 1291 719 1277 728 1208 730 1179 720 1167 716 1166 716 1165 716 1136 720 1124 722 1116 721 1098 717 1097 717 1074 721 1032 731 998 731 979 722 961 716 960 716"/></Shape>
	    <String CONTENT="that she has often afflected and tormented me and the"
                    HPOS="382"
                    VPOS="716"
                    WIDTH="1150"
                    HEIGHT="70"></String>
          </TextLine>

          
          
          <TextLine ID="eSc_line_df4f0428"
                    TAGREFS="LT6"
                    BASELINE="313 823 675 821 906 817 1132 807" 
                    HPOS="312"
                    VPOS="775"
                    WIDTH="820"
                    HEIGHT="68">
            <Shape><Polygon POINTS="313 823 313 832 433 832 445 837 446 837 447 837 475 832 504 841 505 841 505 841 543 837 560 843 561 843 562 843 611 842 660 836 680 839 681 839 682 839 704 830 724 837 725 837 726 837 726 837 745 830 852 830 852 830 887 824 935 832 935 832 949 830 964 836 965 836 966 836 1039 835 1075 835 1075 835 1106 820 1132 819 1132 807 1130 775 987 778 987 778 983 780 950 794 909 793 889 784 888 784 887 784 887 784 865 796 804 796 789 791 789 791 788 791 787 791 774 796 731 793 730 793 730 793 713 798 661 798 608 792 599 791 599 791 591 793 577 795 564 793 521 787 521 787 520 787 494 795 440 786 439 786 369 787 368 787 340 800 312 802 313 823"/></Shape>
	    <String CONTENT="med persons by hir acts of wicthcraft"
                    HPOS="312"
                    VPOS="775"
                    WIDTH="820"
                    HEIGHT="68"></String>
          </TextLine>

          
          
          <TextLine ID="eSc_line_0af43302"
                    TAGREFS="LT6"
                    BASELINE="281 906 442 904 707 909 950 902 1107 908 1482 906" 
                    HPOS="281"
                    VPOS="872"
                    WIDTH="1201"
                    HEIGHT="58">
            <Shape><Polygon POINTS="1480 879 1476 877 1455 882 1339 882 1328 878 1328 878 1327 878 1326 878 1312 882 1223 882 1193 877 1161 872 1160 872 1160 872 1141 877 1133 879 1125 877 1112 873 1111 873 1087 873 1086 873 1053 877 1039 879 1031 878 1011 872 1011 872 1010 872 979 878 952 882 887 882 865 878 863 878 862 878 860 878 840 882 819 878 791 873 790 873 652 874 625 878 618 880 604 878 562 875 562 875 518 879 512 879 510 879 489 873 488 873 406 873 405 873 357 878 300 873 300 873 299 873 285 877 281 884 281 906 281 913 414 912 421 913 478 927 479 927 504 925 518 929 519 929 519 930 763 930 763 929 764 929 777 926 813 929 813 929 814 929 859 914 867 911 972 911 998 915 1019 917 1020 917 1057 915 1070 914 1075 915 1091 918 1092 918 1125 915 1155 912 1180 915 1211 919 1212 919 1251 918 1295 926 1295 926 1296 926 1318 918 1482 915 1482 906 1480 879 1480 879"/></Shape>
	    <String CONTENT="bber ownd to Jury of Inquest that the above written evidence is the truth upon her oath"
                    HPOS="281"
                    VPOS="872"
                    WIDTH="1201"
                    HEIGHT="58"></String>
          </TextLine>

          
          
          <TextLine ID="eSc_line_b4bd222b"
                    TAGREFS="LT6"
                    BASELINE="322 952 402 948" 
                    HPOS="320"
                    VPOS="920"
                    WIDTH="83"
                    HEIGHT="50">
            <Shape><Polygon POINTS="322 952 322 966 344 965 348 966 361 970 361 970 362 970 363 970 370 966 375 963 381 965 388 968 388 968 389 968 403 965 402 948 400 923 320 920 322 952"/></Shape>
	    <String CONTENT="1692"
                    HPOS="320"
                    VPOS="920"
                    WIDTH="83"
                    HEIGHT="50"></String>
          </TextLine>

          
        </TextBlock>
        

        
      </PrintSpace>
    </Page>
  </Layout>
</alto>
