1584 1139
1411 20 60 31 17a

1494 31 43 37 c

165 61 1356 73 The deposistion of Eliz: Hubburd agged about 17 years who testifieth

192 112 1347 62 and saith that I have been along time afflected by a woman that

195 163 1298 66 tould me hir name was Carrier and that she came from Andevore

193 208 1341 70 but on the 31:may 1692 martha Carrier did most greviously tortor me

183 261 1354 66 dureing the time of hir Examination for if she did but look upon me

185 302 586 70 she would strick me down or

181 357 455 52 Carrier most greviously

777 329 762 53 almost choak me and also I saw martha

654 377 860 48 torment Mary Walcott, mercy lewes, Abigail

185 405 1114 65 Abigail williams and ann putnam jun'r with such dreadfull tortor

179 458 1342 60 can express: that had not the Honr'd Majestrats Commanded hir to be fast

1317 432 191 41 as no tongue

183 507 1338 63 bound I beleve she would have quickly kiled sume of us: and I verily

187 558 1323 64 beleve in my hart that martha Carrier is a most dreadful wicth

47 633 122 42 Apperance

182 628 333 50 for severall times

46 670 1470 56 or hir Apperance com to me and most greviously tortored me by pinching pricking and

539 604 990 82 sence martha Carrier has been in prison she hath

164 709 1363 76 and almost choaking me to death: which I beleve she could not doe if

177 759 447 60 she ware not a wicth

161 832 1270 59 Elizabeth Hubburd: owned: the above written evidence: to be the truth: to the Jury

165 880 884 66 of Inquest: upon: the oath: she hath taken: July: 1: 1692

1128 914 344 105 Jurat in Curia
