1568 1219
128 62 1388 69 The deposistion of Mary Walcott agged about 18 years who testifieth and

74 121 1439 64 saith that I have ben a long time afflected by a woman which tould me hir

147 164 1361 77 name was Carrier and that she came from Andevor but on the 31'th

150 216 1347 82 may 1692 : martha Carrier of Andever did most greviously torment

160 259 1358 90 me dureing the time of hir Examination by biting pricking pinching and all

153 311 1356 85 most Choaking me to death for if she did but look upon me she would

149 369 1366 65 strik me down or allmost Choak me to death also on the day of hir

147 420 1376 54 amination I saw martha Carrier most greviously torment and afflect

148 464 1374 64 mercy lewes Elizabeth Hubburd abigail williams and ann putnam jun'r

149 505 1338 63 by most dreadfully pricking and claping hir hand on their throats and

152 550 1375 70 allmost choaking them to death and with such cruell tortors as  no toung can

145 607 1365 61 Express: that had not the Hon'rd Majestrats Command hir to be bound fast

277 651 135 51 I believe

353 646 1167 76 she would have quickly kild sum of us: and I beleve in my

147 699 1377 66 heart that Martha is a most dreadfull wicth and that she hath torment

485 701 100 33 carrier

116 749 1272 75 e and the parsons affore named by hir acts of wicthcraf

122 814 1361 85 Mary Walcot: owned: to: the Jury of inquest that the above written evidence: is the

130 884 857 62 truth. upon the oath she hath taken: July 1: 1692

1088 894 366 61 Jurat in Curia
