1682 1467
378 66 1242 79 William & Mary by the Grace of God of England Scotland

403 132 1215 111 France & Ireland King & Queen defend'rs of the faith &ca

409 299 977 58 To the Constable of Billrica Greeting

389 374 1203 75 Wee Comand you to Warn & give Notice unto

422 438 105 95 Capt

636 431 642 94 Danforth -- John Rogers &

375 567 1189 68 that they & Every of them be and personaly

387 638 1215 66 appear at the Court of Oyer & Terminer to be

390 701 1234 71 held by Adjurnment Att Salem on Tuesday Next

381 766 1208 67 at Ten of the Clock in the Morning there to testify

396 817 1245 65 the truth to the best of their knowledge on Certaine

401 867 1197 76 Indictments to be Exhibited against Martha

393 986 1244 66 are to fail at your utmost perill making

397 924 1194 83 Carrier of Andover and hereof they Nor you

414 1041 1069 71 return hereof under your hand.

385 1102 1164 65 Dated in Salem July 30'th 1692 & in the

425 1171 958 64 fourth year of Our Reign - -

1037 1251 564 103 Stephen Sewall Cler.
