<?xml version="1.0" encoding="UTF-8"?>
<alto xmlns:xsi="http://www.w3.org/2001/XMLSchema-instance"
      xmlns="http://www.loc.gov/standards/alto/ns-v4#"
      xsi:schemaLocation="http://www.loc.gov/standards/alto/ns-v4# http://www.loc.gov/standards/alto/v4/alto-4-2.xsd">
  <Description>
    <MeasurementUnit>pixel</MeasurementUnit>
    <sourceImageInformation>
      <fileName>H26A.jpg</fileName>
      
    </sourceImageInformation>
  </Description>
  
  <Tags>
    <OtherTag ID="BT1" LABEL="Title" DESCRIPTION="block type Title"/><OtherTag ID="BT2" LABEL="Main" DESCRIPTION="block type Main"/><OtherTag ID="BT3" LABEL="Commentary" DESCRIPTION="block type Commentary"/><OtherTag ID="BT4" LABEL="Illustration" DESCRIPTION="block type Illustration"/><OtherTag ID="BT6" LABEL="text" DESCRIPTION="block type text"/>
    <OtherTag ID="LT6" LABEL="default" DESCRIPTION="line type default"/>
  </Tags>
  
  <Layout>
    <Page WIDTH="1574"
          HEIGHT="1265"
          PHYSICAL_IMG_NR="73"
          ID="eSc_dummypage_">
      <PrintSpace HPOS="0"
                  VPOS="0"
                  WIDTH="1574"
                  HEIGHT="1265">
        
        <TextBlock HPOS="118"
                   VPOS="39"
                   WIDTH="1433"
                   HEIGHT="1101"
                   ID="eSc_textblock_da3e0a84"
                   TAGREFS="BT6">
          <Shape><Polygon POINTS="1365 39 1422 42 1445 53 1503 47 1526 61 1517 80 1486 97 1523 123 1512 167 1543 188 1545 210 1551 378 1537 862 1526 904 1475 936 1484 955 1461 972 1464 985 1444 1017 1509 1042 1517 1075 1506 1098 1399 1129 1203 1126 1091 1140 1079 961 1039 943 989 949 958 938 826 929 674 949 317 963 126 955 129 542 118 452 137 390 140 222 123 111 132 87 213 67 266 67 444 89 609 73 658 98 750 104 1332 101 1360 89 1349 64 1365 39"/></Shape>
          
          
          <TextLine ID="eSc_line_0383f923"
                    TAGREFS="LT6"
                    BASELINE="149 134 200 128 305 127 542 130 639 133 660 137 1112 140 1190 136 1478 130" 
                    HPOS="148"
                    VPOS="95"
                    WIDTH="1330"
                    HEIGHT="58">
            <Shape><Polygon POINTS="1300 101 1293 101 1286 101 1279 101 1272 101 1265 101 1258 101 1251 101 1244 101 1241 101 1223 104 1204 107 1110 107 1076 104 1040 101 1034 102 1027 102 1020 102 1013 102 1005 102 998 102 991 102 984 102 977 102 970 102 963 102 956 102 953 102 932 104 911 107 786 107 776 105 764 103 759 103 752 103 745 103 738 103 731 102 724 101 717 101 710 101 703 101 696 100 689 99 682 99 675 99 668 98 661 98 654 96 653 96 626 99 542 96 542 96 473 106 469 106 466 106 428 95 427 95 250 95 249 95 149 106 149 134 148 141 442 141 447 143 478 152 479 152 550 153 551 153 590 143 595 142 600 143 636 151 637 151 744 146 869 147 911 153 912 153 1161 153 1161 153 1285 145 1308 144 1330 145 1386 149 1387 149 1387 149 1402 145 1415 141 1476 145 1478 130 1477 104 1444 101 1443 101 1435 104 1422 106 1408 104 1394 100 1393 100 1316 102 1301 101 1300 101"/></Shape>
	    <String CONTENT="The Deposistion of Thomas putnam agged 40 years and Jno putnam"
                    HPOS="148"
                    VPOS="95"
                    WIDTH="1330"
                    HEIGHT="58"></String>
          </TextLine>

          
          
          <TextLine ID="eSc_line_ee95ed7b"
                    TAGREFS="LT6"
                    BASELINE="144 181 852 197 1216 203 1320 209 1533 210" 
                    HPOS="143"
                    VPOS="140"
                    WIDTH="1389"
                    HEIGHT="85">
            <Shape><Polygon POINTS="1525 176 1330 176 1313 170 1278 161 1277 161 1276 161 1239 168 1222 171 1110 165 1103 165 1102 165 1101 165 1077 169 1032 163 974 154 948 154 947 154 946 154 933 160 920 165 867 160 866 160 726 162 707 154 695 149 694 149 569 146 568 146 535 149 476 157 436 147 430 146 429 146 419 146 372 151 336 144 317 141 143 140 143 180 144 197 176 188 235 197 236 197 237 197 264 189 317 189 519 195 543 203 545 203 546 203 592 198 651 207 652 207 653 207 654 207 723 199 817 211 824 211 876 212 877 212 878 212 880 212 906 205 928 212 929 212 930 212 1022 207 1073 217 1078 217 1079 217 1089 217 1156 212 1293 219 1294 219 1329 211 1402 223 1405 223 1530 225 1532 209 1531 181 1525 176"/></Shape>
	    <String CONTENT="aged 36 years -- who testifie and saith that we haveing ben conversant"
                    HPOS="143"
                    VPOS="140"
                    WIDTH="1389"
                    HEIGHT="85"></String>
          </TextLine>

          
          
          <TextLine ID="eSc_line_d3293535"
                    TAGREFS="LT6"
                    BASELINE="158 225 1114 251 1521 249" 
                    HPOS="156"
                    VPOS="186"
                    WIDTH="1364"
                    HEIGHT="80">
            <Shape><Polygon POINTS="156 234 237 234 263 237 296 242 297 242 321 239 339 236 362 239 405 246 406 246 451 243 492 248 493 248 529 242 533 242 536 242 550 247 551 247 552 247 553 247 564 243 570 241 584 243 614 249 865 257 866 257 867 257 886 250 958 259 959 259 1022 254 1099 262 1100 262 1206 257 1286 266 1287 266 1329 259 1365 265 1366 265 1403 260 1518 261 1520 248 1518 222 1439 225 1423 219 1408 213 1407 213 1332 211 1331 211 1266 215 1163 221 976 212 975 212 773 212 703 201 676 197 675 197 674 197 664 200 631 209 585 209 535 197 521 193 421 191 420 191 411 193 391 198 343 191 338 191 337 191 336 191 335 191 311 198 294 190 288 188 287 188 206 186 205 186 195 188 173 192 158 187 157 224 156 234"/></Shape>
	    <String CONTENT="with divers of the afflected parsons as namely Mary Walcott mercy"
                    HPOS="156"
                    VPOS="186"
                    WIDTH="1364"
                    HEIGHT="80"></String>
          </TextLine>

          
          
          <TextLine ID="eSc_line_41df03fa"
                    TAGREFS="LT6"
                    BASELINE="154 276 250 274 323 278 560 281 720 292 963 295 1387 295 1505 290" 
                    HPOS="154"
                    VPOS="248"
                    WIDTH="1351"
                    HEIGHT="61">
            <Shape><Polygon POINTS="154 276 154 286 420 288 434 290 463 293 463 293 501 292 530 297 531 297 551 294 577 298 578 298 634 295 651 300 652 300 653 300 690 298 740 304 832 305 833 305 871 300 911 305 1010 305 1010 305 1060 300 1131 307 1132 307 1171 300 1217 303 1218 303 1265 300 1273 299 1282 300 1325 305 1326 305 1355 301 1409 309 1410 309 1441 301 1443 301 1503 302 1505 290 1503 275 1417 275 1400 273 1337 265 1336 265 1301 269 1278 265 1278 265 1254 269 1237 273 1222 269 1218 268 1217 268 1216 268 1182 268 1170 268 1168 268 1139 260 1138 260 1138 260 1137 260 1112 267 1093 272 1050 272 1025 265 995 257 994 257 994 257 937 263 923 264 911 262 868 255 868 255 843 261 816 268 729 265 728 265 636 269 591 259 591 259 552 265 483 254 481 254 480 254 477 254 429 257 414 252 401 249 400 249 154 248 154 276"/></Shape>
	    <String CONTENT="mercy lewes Abigail williams Eliz. Hubburt and Ann putnam and we have"
                    HPOS="154"
                    VPOS="248"
                    WIDTH="1351"
                    HEIGHT="61"></String>
          </TextLine>

          
          
          <TextLine ID="eSc_line_f9696c9d"
                    TAGREFS="LT6"
                    BASELINE="181 329 336 326 597 326 686 331 774 330 844 335 1112 340 1218 335 1480 331" 
                    HPOS="180"
                    VPOS="295"
                    WIDTH="1300"
                    HEIGHT="51">
            <Shape><Polygon POINTS="181 329 181 335 229 339 230 339 345 336 414 335 427 336 455 340 456 340 480 337 492 335 641 335 652 337 667 340 667 340 726 338 775 335 789 338 827 345 828 346 1170 346 1170 345 1206 338 1220 336 1235 339 1275 345 1276 346 1397 346 1397 345 1479 339 1480 331 1477 295 1433 307 1237 307 1187 296 1150 296 1149 296 1104 307 1017 300 1017 300 935 307 849 295 848 295 809 302 708 307 663 295 662 295 589 295 390 295 389 295 383 295 305 302 255 295 180 295 181 329"/></Shape>
	    <String CONTENT="seen tham often most greviously tormented by biting pinching and"
                    HPOS="180"
                    VPOS="295"
                    WIDTH="1300"
                    HEIGHT="51"></String>
          </TextLine>

          
          
          <TextLine ID="eSc_line_f538fa3c"
                    TAGREFS="LT6"
                    BASELINE="158 380 350 376 914 379 1050 376 1205 382 1540 378" 
                    HPOS="158"
                    VPOS="340"
                    WIDTH="1382"
                    HEIGHT="50">
            <Shape><Polygon POINTS="158 380 158 384 205 390 205 390 230 385 231 385 233 385 320 390 321 390 468 385 491 385 497 385 525 390 526 390 691 386 774 390 775 390 793 386 800 385 857 385 863 386 875 390 875 390 876 390 941 390 941 390 942 390 952 386 956 385 982 386 1023 388 1024 388 1024 388 1031 387 1039 385 1115 385 1121 387 1131 390 1131 390 1132 390 1162 387 1179 385 1185 387 1195 390 1195 390 1196 390 1252 390 1252 390 1252 390 1262 387 1272 385 1282 387 1292 390 1292 390 1293 390 1313 387 1337 385 1381 387 1417 390 1417 390 1438 387 1454 386 1538 387 1540 378 1538 345 1507 351 1415 351 1391 346 1362 340 1361 340 1321 346 1278 352 1221 347 1217 347 1216 347 1212 347 1156 353 975 353 953 348 940 346 939 346 909 349 880 351 853 349 811 345 811 345 783 349 761 352 750 349 727 342 726 342 685 340 390 340 389 340 329 349 293 346 293 346 258 352 255 353 158 353 158 380"/></Shape>
	    <String CONTENT="being almost Choak to death often Complaining of one goody Carrier"
                    HPOS="158"
                    VPOS="340"
                    WIDTH="1382"
                    HEIGHT="50"></String>
          </TextLine>

          
          
          <TextLine ID="eSc_line_7b958816"
                    TAGREFS="LT6"
                    BASELINE="151 428 408 430 586 422 686 421 759 426 873 423 1221 432 1531 432" 
                    HPOS="151"
                    VPOS="392"
                    WIDTH="1380"
                    HEIGHT="54">
            <Shape><Polygon POINTS="151 428 151 438 447 440 447 440 480 439 603 432 780 437 781 437 840 434 871 439 886 441 887 441 906 439 932 436 992 439 1010 439 1011 439 1021 439 1061 435 1085 439 1112 443 1112 443 1154 439 1164 438 1169 439 1182 443 1183 443 1238 445 1239 445 1273 439 1287 437 1318 437 1330 439 1356 444 1356 444 1401 442 1447 446 1448 446 1531 439 1531 432 1531 409 1448 400 1384 399 1384 399 1246 406 1191 395 1117 394 1117 394 1116 394 1087 401 1044 397 1043 397 972 404 952 400 951 400 920 402 876 393 706 392 705 392 616 396 579 392 579 392 538 401 524 398 523 398 504 401 500 401 352 401 349 400 321 394 321 394 291 399 288 399 151 399 151 428"/></Shape>
	    <String CONTENT="for hirting them: but on the 31: may 1692 being the day of the Exa"
                    HPOS="151"
                    VPOS="392"
                    WIDTH="1380"
                    HEIGHT="54"></String>
          </TextLine>

          
          
          <TextLine ID="eSc_line_3501c1f3"
                    TAGREFS="LT6"
                    BASELINE="142 470 371 472 705 482 1084 473 1432 475 1489 471" 
                    HPOS="141"
                    VPOS="442"
                    WIDTH="1348"
                    HEIGHT="49">
            <Shape><Polygon POINTS="142 470 141 486 208 481 261 485 262 485 284 482 397 486 432 487 433 487 494 486 528 485 531 486 542 489 542 489 543 489 624 486 828 489 828 489 866 484 871 484 876 484 937 489 938 489 1050 484 1091 482 1176 484 1198 484 1218 490 1218 490 1219 491 1251 491 1251 490 1280 483 1282 483 1313 483 1315 483 1335 488 1336 488 1488 482 1489 471 1488 444 1382 451 1342 448 1342 448 1317 452 1211 445 1192 444 1191 444 1154 445 1102 447 1096 445 1089 443 1088 443 1088 443 1063 446 1011 451 953 446 953 446 928 452 818 452 797 447 794 446 793 446 792 446 790 447 773 452 695 452 646 451 637 448 620 442 619 442 618 442 594 447 572 442 493 442 492 442 466 449 449 449 369 451 357 449 309 442 239 442 239 442 202 450 201 451 142 451 142 470"/></Shape>
	    <String CONTENT="mination of martha Carrier the afforementioned parsons ware most"
                    HPOS="141"
                    VPOS="442"
                    WIDTH="1348"
                    HEIGHT="49"></String>
          </TextLine>

          
          
          <TextLine ID="eSc_line_8bc7d0ef"
                    TAGREFS="LT6"
                    BASELINE="136 534 821 528 1155 521 1323 511 1521 508" 
                    HPOS="135"
                    VPOS="486"
                    WIDTH="1386"
                    HEIGHT="62">
            <Shape><Polygon POINTS="136 534 136 543 212 548 213 548 248 541 265 539 287 541 315 543 316 543 333 540 346 536 389 536 406 539 433 543 434 543 473 538 494 535 515 537 584 543 584 543 655 539 740 541 741 541 797 534 872 539 873 539 913 532 939 538 939 538 940 538 1044 537 1109 529 1193 535 1194 535 1268 524 1273 524 1521 520 1521 508 1520 491 1349 488 1349 488 1305 494 1252 486 1251 486 1141 496 1086 487 1043 487 1043 487 982 494 959 488 958 488 958 488 844 489 792 501 789 502 630 503 628 503 589 495 588 495 556 503 506 505 503 505 502 505 438 495 437 495 135 510 136 534"/></Shape>
	    <String CONTENT="dreadfully tormented dureing the time of hir examination that had"
                    HPOS="135"
                    VPOS="486"
                    WIDTH="1386"
                    HEIGHT="62"></String>
          </TextLine>

          
          
          <TextLine ID="eSc_line_07d75b5f"
                    TAGREFS="LT6"
                    BASELINE="139 575 497 577 995 566 1291 555 1484 556" 
                    HPOS="139"
                    VPOS="526"
                    WIDTH="1345"
                    HEIGHT="65">
            <Shape><Polygon POINTS="139 575 140 586 206 584 210 585 231 589 231 589 274 587 298 591 299 591 363 586 404 590 404 590 673 586 724 581 749 584 750 584 783 578 910 580 911 580 937 574 944 572 956 574 987 577 987 577 1049 572 1076 570 1106 572 1145 573 1146 573 1163 570 1175 569 1204 570 1249 572 1249 572 1250 572 1257 569 1263 567 1484 565 1484 556 1483 526 1448 526 1447 526 1441 527 1408 535 1381 528 1379 527 1378 527 1377 527 1254 529 1247 530 1204 539 1131 532 1120 531 1119 531 1111 532 1067 539 1051 536 1050 536 1050 536 1049 536 1025 543 988 543 946 534 941 534 940 534 934 534 889 544 858 537 857 537 856 537 837 543 797 544 768 537 764 536 763 536 718 537 710 538 665 544 629 541 629 541 579 550 314 554 253 554 211 546 210 546 209 546 139 546 139 575"/></Shape>
	    <String CONTENT="not the Hon&#x27;d Majestrats commanded hir to be bound we ware redy to"
                    HPOS="139"
                    VPOS="526"
                    WIDTH="1345"
                    HEIGHT="65"></String>
          </TextLine>

          
          
          <TextLine ID="eSc_line_70032ea5"
                    TAGREFS="LT6"
                    BASELINE="147 636 703 636 954 633 995 619 1110 611 1332 602 1530 599" 
                    HPOS="145"
                    VPOS="565"
                    WIDTH="1384"
                    HEIGHT="88">
            <Shape><Polygon POINTS="146 635 146 636 202 652 203 652 204 653 266 653 266 652 373 637 514 638 570 649 571 649 624 641 669 648 670 648 866 647 963 632 1015 635 1016 635 1080 621 1094 618 1162 619 1287 623 1288 623 1289 623 1302 617 1305 615 1528 613 1529 598 1527 568 1384 565 1383 565 1345 569 1307 573 1261 570 1234 568 1233 568 1216 570 1145 581 1065 572 1041 569 1040 569 1039 569 1032 572 1000 586 968 589 748 589 678 580 677 580 452 593 404 593 366 579 365 579 364 579 296 587 268 578 263 577 262 577 261 577 260 577 255 579 244 582 145 580 146 635"/></Shape>
	    <String CONTENT="think she would quickly have kiled sum of them: also severall times"
                    HPOS="145"
                    VPOS="565"
                    WIDTH="1384"
                    HEIGHT="88"></String>
          </TextLine>

          
          
          <TextLine ID="eSc_line_e846c376"
                    TAGREFS="LT6"
                    BASELINE="137 682 201 678 317 678 433 678 527 683 702 683 803 680 1508 647" 
                    HPOS="133"
                    VPOS="600"
                    WIDTH="1374"
                    HEIGHT="101">
            <Shape><Polygon POINTS="935 633 924 633 914 633 843 647 798 641 797 641 795 641 767 651 700 652 658 637 657 637 656 637 655 637 608 657 564 658 527 653 526 653 525 653 498 660 436 651 435 651 379 659 340 649 339 649 338 649 133 654 135 680 137 697 426 687 434 688 508 701 509 701 510 701 526 692 900 685 962 674 993 679 994 679 995 679 1025 671 1155 674 1156 674 1227 660 1341 658 1353 664 1354 664 1355 664 1356 664 1391 654 1397 654 1431 652 1436 653 1464 658 1465 658 1506 650 1507 646 1503 600 1404 604 1403 604 1402 604 1352 627 1229 631 1170 613 1169 613 1168 613 1167 613 1125 614 1119 615 1089 623 1057 621 1056 621 1055 621 1024 634 1008 629 1007 629 1006 629 1005 629 969 641 936 633 935 633"/></Shape>
	    <String CONTENT="sence we have seen the affore mentioned most dreadfully affleted"
                    HPOS="133"
                    VPOS="600"
                    WIDTH="1374"
                    HEIGHT="101"></String>
          </TextLine>

          
          
          <TextLine ID="eSc_line_413cbfb2"
                    TAGREFS="LT6"
                    BASELINE="141 723 363 721 604 729 759 728 963 720 1499 681" 
                    HPOS="138"
                    VPOS="647"
                    WIDTH="1360"
                    HEIGHT="100">
            <Shape><Polygon POINTS="1474 648 1472 648 1447 654 1432 650 1431 650 1430 650 1376 656 1307 656 1296 656 1286 657 1275 657 1265 657 1254 658 1244 658 1233 659 1225 659 1215 664 1213 665 1175 665 1126 666 1125 666 1123 667 1104 674 1091 671 1090 671 1089 671 1037 682 823 690 792 680 791 680 790 680 789 680 749 694 692 696 624 685 623 685 622 685 589 693 541 688 540 688 539 688 502 699 460 699 428 689 418 687 417 687 416 687 368 689 367 689 362 691 352 697 138 698 140 722 140 744 347 735 374 737 402 741 403 741 404 741 417 736 432 731 492 729 527 733 638 747 639 747 693 746 965 733 966 733 979 728 1009 731 1011 731 1012 731 1035 723 1075 724 1076 724 1077 724 1104 714 1110 713 1116 714 1129 716 1130 716 1147 713 1169 708 1208 708 1217 711 1239 719 1240 719 1241 719 1316 717 1317 717 1352 707 1400 692 1497 702 1498 680 1495 654 1480 647 1474 648"/></Shape>
	    <String CONTENT="and tormented as if all their bones would have been disjoyned or"
                    HPOS="138"
                    VPOS="647"
                    WIDTH="1360"
                    HEIGHT="100"></String>
          </TextLine>

          
          
          <TextLine ID="eSc_line_e2834169"
                    TAGREFS="LT6"
                    BASELINE="142 777 194 774 667 776 811 767 1005 763 1079 754 1365 738 1529 738" 
                    HPOS="141"
                    VPOS="714"
                    WIDTH="1388"
                    HEIGHT="79">
            <Shape><Polygon POINTS="142 777 142 793 259 792 260 792 264 790 289 782 344 777 365 781 366 781 409 779 440 785 453 787 454 787 487 784 536 778 557 782 582 786 583 786 758 779 788 782 788 782 789 782 822 774 830 772 836 773 871 782 872 782 925 781 966 772 1022 771 1039 767 1070 760 1151 764 1164 764 1165 764 1166 764 1169 763 1188 758 1252 760 1253 760 1528 752 1529 738 1526 714 1230 718 1171 723 1118 727 1105 724 1088 721 1087 721 1034 726 1011 728 987 728 940 725 939 725 939 725 926 729 898 737 859 741 790 737 789 737 750 743 691 741 690 741 434 748 402 743 359 736 359 736 358 736 329 744 319 745 281 748 272 747 244 741 243 741 198 748 193 749 189 749 168 746 167 746 141 749 142 777"/></Shape>
	    <String CONTENT="bodyes twisted all to peces complaining most dreadfully of Martha Carrier"
                    HPOS="141"
                    VPOS="714"
                    WIDTH="1388"
                    HEIGHT="79"></String>
          </TextLine>

          
          
          <TextLine ID="eSc_line_d1c497b9"
                    TAGREFS="LT6"
                    BASELINE="139 823 738 822 1089 811 1174 800 1351 789 1531 787" 
                    HPOS="138"
                    VPOS="763"
                    WIDTH="1393"
                    HEIGHT="76">
            <Shape><Polygon POINTS="139 823 139 830 192 829 198 830 231 839 231 839 232 839 291 833 425 836 426 836 486 827 515 829 516 829 567 825 594 832 595 832 596 832 596 832 624 825 660 832 661 832 763 831 949 820 1037 823 1038 823 1091 815 1112 817 1112 817 1139 811 1152 808 1169 811 1216 816 1217 816 1279 808 1297 806 1531 803 1531 787 1529 763 1273 767 1243 770 1162 780 1091 774 1088 774 1087 774 1086 774 1086 774 1046 785 1016 785 1015 785 1015 785 995 789 977 785 976 785 975 785 922 785 885 792 665 794 558 788 558 788 497 797 435 794 421 790 388 784 388 784 387 784 354 792 328 799 300 794 300 794 262 801 233 801 211 796 191 792 190 792 189 792 172 796 167 798 138 798 139 823"/></Shape>
	    <String CONTENT="for hurting them and we beleve in our hearts that Martha Carrier"
                    HPOS="138"
                    VPOS="763"
                    WIDTH="1393"
                    HEIGHT="76"></String>
          </TextLine>

          
          
          <TextLine ID="eSc_line_792af4fb"
                    TAGREFS="LT6"
                    BASELINE="134 885 262 875 805 866 897 858 991 856 1153 846 1230 839 1519 827" 
                    HPOS="132"
                    VPOS="801"
                    WIDTH="1387"
                    HEIGHT="92">
            <Shape><Polygon POINTS="134 885 134 893 184 886 203 890 203 890 204 890 224 885 243 890 249 891 250 891 305 889 338 886 414 879 456 881 475 883 476 883 514 879 604 871 622 875 631 878 632 878 633 878 697 873 727 877 728 877 866 873 896 868 986 868 986 867 987 867 1005 861 1013 858 1035 860 1082 864 1083 864 1194 858 1195 858 1209 853 1218 850 1519 841 1519 827 1515 801 1184 811 1183 811 1171 814 1150 821 1135 818 1134 818 1133 818 1110 822 1083 818 1058 814 1057 814 1028 820 981 829 937 823 918 821 918 821 917 821 906 825 892 829 863 828 862 828 811 837 710 839 666 834 662 834 661 834 658 834 629 841 539 844 515 840 485 834 485 834 484 834 457 842 441 846 411 844 400 843 399 843 389 844 369 849 300 851 252 850 201 849 175 844 174 844 173 844 132 854 134 885"/></Shape>
	    <String CONTENT="the prizsoner att the barr has most dreadfully tormented and most"
                    HPOS="132"
                    VPOS="801"
                    WIDTH="1387"
                    HEIGHT="92"></String>
          </TextLine>

          
          
          <TextLine ID="eSc_line_8ac26340"
                    TAGREFS="LT6"
                    BASELINE="140 937 412 919 769 910 1055 893 1102 887 1523 868" 
                    HPOS="137"
                    VPOS="835"
                    WIDTH="1386"
                    HEIGHT="127">
            <Shape><Polygon POINTS="139 936 140 962 215 950 268 957 270 957 271 957 395 951 396 951 401 950 467 931 535 930 592 940 604 942 605 942 693 938 694 938 701 935 723 924 809 929 818 929 819 929 820 929 823 928 875 915 927 921 928 921 979 909 1051 915 1052 915 1053 915 1094 903 1167 901 1193 906 1194 906 1255 897 1295 905 1305 906 1306 906 1334 903 1350 901 1361 901 1414 905 1415 905 1523 892 1522 867 1519 837 1465 844 1451 840 1441 835 1440 835 1439 835 1401 837 1400 837 1384 843 1363 850 1329 845 1300 841 1299 841 1266 848 1249 851 1236 849 1213 846 1212 846 1211 846 1201 851 1198 852 1192 851 1178 849 1177 849 1147 853 1085 863 978 863 977 863 947 869 917 865 890 861 889 861 888 861 877 866 863 873 764 878 732 873 698 868 697 868 696 868 683 876 670 883 649 883 625 879 599 873 598 873 393 882 365 884 364 884 350 891 338 897 289 894 219 890 218 890 217 890 197 899 188 902 137 902 139 936"/></Shape>
	    <String CONTENT="greviously afflected the affore mentioned parsons by acts of wicthcraft"
                    HPOS="137"
                    VPOS="835"
                    WIDTH="1386"
                    HEIGHT="127"></String>
          </TextLine>

          
          
          <TextLine ID="eSc_line_5c0a9b5b"
                    TAGREFS="LT6"
                    BASELINE="1105 952 1208 946 1456 941" 
                    HPOS="1104"
                    VPOS="910"
                    WIDTH="352"
                    HEIGHT="49">
            <Shape><Polygon POINTS="1105 952 1105 957 1242 959 1243 959 1266 958 1267 958 1268 958 1274 953 1275 953 1281 953 1356 956 1356 956 1384 950 1386 950 1391 955 1391 955 1392 955 1393 955 1414 955 1414 955 1456 948 1456 941 1455 922 1427 912 1427 912 1334 910 1334 910 1333 910 1332 910 1332 911 1323 919 1302 917 1301 917 1301 917 1284 926 1283 927 1268 927 1267 927 1237 913 1237 913 1216 913 1215 913 1196 915 1195 915 1163 929 1163 930 1104 931 1105 952"/></Shape>
	    <String CONTENT="Thomas putnam"
                    HPOS="1104"
                    VPOS="910"
                    WIDTH="352"
                    HEIGHT="49"></String>
          </TextLine>

          
          
          <TextLine ID="eSc_line_e8c84586"
                    TAGREFS="LT6"
                    BASELINE="1095 995 1239 995 1403 988" 
                    HPOS="1095"
                    VPOS="963"
                    WIDTH="308"
                    HEIGHT="52">
            <Shape><Polygon POINTS="1095 995 1095 1015 1133 1015 1133 1015 1134 1015 1135 1014 1151 1004 1167 1007 1168 1007 1169 1007 1200 999 1214 999 1223 1005 1224 1005 1225 1005 1226 1005 1226 1005 1227 1005 1227 1004 1231 1001 1253 1002 1259 1009 1262 1011 1262 1011 1263 1011 1263 1011 1264 1011 1285 1011 1285 1011 1294 1007 1300 1004 1306 1007 1307 1007 1308 1007 1308 1007 1309 1007 1311 1006 1344 996 1356 1000 1357 1000 1358 1000 1358 1000 1370 995 1402 1002 1403 988 1401 974 1368 974 1360 967 1360 966 1359 966 1358 966 1358 966 1339 969 1304 963 1303 963 1255 973 1244 968 1243 968 1242 968 1242 968 1223 978 1223 978 1218 978 1193 976 1182 967 1181 967 1181 967 1180 967 1148 967 1147 967 1147 967 1147 968 1133 980 1095 981 1095 995"/></Shape>
	    <String CONTENT="Jno putnam"
                    HPOS="1095"
                    VPOS="963"
                    WIDTH="308"
                    HEIGHT="52"></String>
          </TextLine>

          
          
          <TextLine ID="eSc_line_a3976e97"
                    TAGREFS="LT6"
                    BASELINE="1145 1089 1418 1088 1500 1084" 
                    HPOS="1144"
                    VPOS="1057"
                    WIDTH="356"
                    HEIGHT="45">
            <Shape><Polygon POINTS="1145 1089 1145 1097 1164 1095 1167 1097 1171 1100 1171 1101 1171 1101 1172 1101 1246 1102 1247 1102 1273 1096 1280 1094 1285 1096 1310 1101 1311 1101 1311 1101 1325 1095 1327 1094 1377 1094 1378 1094 1391 1101 1391 1101 1392 1101 1423 1101 1423 1101 1424 1101 1431 1097 1450 1099 1451 1099 1452 1099 1463 1093 1465 1093 1500 1093 1500 1084 1498 1061 1460 1066 1455 1062 1448 1058 1448 1058 1447 1058 1446 1058 1446 1058 1445 1058 1439 1063 1431 1069 1396 1069 1391 1064 1391 1064 1390 1064 1389 1064 1389 1064 1379 1064 1363 1066 1361 1065 1358 1063 1358 1063 1357 1063 1356 1063 1356 1063 1350 1065 1346 1067 1342 1066 1332 1061 1332 1061 1331 1061 1316 1063 1310 1058 1310 1057 1309 1057 1308 1057 1275 1057 1275 1057 1274 1057 1247 1067 1232 1063 1231 1063 1230 1063 1230 1063 1229 1063 1222 1067 1196 1059 1195 1059 1195 1059 1144 1071 1145 1089"/></Shape>
	    <String CONTENT="Jurat in Curia"
                    HPOS="1144"
                    VPOS="1057"
                    WIDTH="356"
                    HEIGHT="45"></String>
          </TextLine>

          
        </TextBlock>
        
        <TextBlock HPOS="61"
                   VPOS="87"
                   WIDTH="14"
                   HEIGHT="13"
                   ID="eSc_textblock_a7f4c59d"
                   TAGREFS="BT6">
          <Shape><Polygon POINTS="65 87 75 87 69 100 61 100 65 87"/></Shape>
          
        </TextBlock>
        
        <TextBlock HPOS="641"
                   VPOS="1141"
                   WIDTH="13"
                   HEIGHT="19"
                   ID="eSc_textblock_3250f44b"
                   TAGREFS="BT6">
          <Shape><Polygon POINTS="650 1141 654 1157 643 1160 641 1146 650 1141"/></Shape>
          
        </TextBlock>
        

        
      </PrintSpace>
    </Page>
  </Layout>
</alto>
