1258 979
171 81 983 66 The tistimony of Andrew foster aged about 55

161 134 1011 55 who saith that some time Last may I being at

164 180 1032 63 the hous of Thomas Carrier I was saieing that

157 233 1030 57 I hard that when Timothy oosgood and his

145 280 1053 62 Brother Samuell want to Salam the other day

155 326 1019 58 thay goeing to Let Engerson one of the afflicted

153 377 1038 53 maides lucked out and asked what thay brought

155 423 999 63 them three woman behind them fore thay

155 474 1063 61 asked what woman the maid sayd Goodwife Carrier

156 531 1038 60 goodwife Touthacor and hir dughter and thay

155 562 1039 81 goeing into Engerson hous thay askeed the maide

156 628 1013 56 where goodwife carrier was shee Answared thar

149 671 1013 62 shee sits by you upon the table upon which

153 726 621 53 the maide had a fitt: which

916 719 249 54 twisted her

140 764 1038 61 nick almost of. then goodwife carrier Answared

413 769 109 32 round

130 811 1053 53 no it is no matter if hir nicke had ben quite of if

133 854 465 107 shee sayd I was thiere

765 872 298 44 Jurat in Curia
