2472 1401
478 67 1547 74 The Examination of Sarah Buckley .18. May. 1692

1291 140 1018 72 Eliz: Hubbard Suzan: Sheldon said this

128 121 1074 92 Abig: Williams said this is the Woman that hath

1288 200 1070 63 Woman hath tore her to peices & tempted

143 161 1090 102 bit me with her scragged teeth a great many

166 259 119 50 times

1288 257 485 61 her with the book

154 265 1063 96 Mary Walcot , Ann Putman , & Susan: Sheldon un

1304 312 1048 70 Ann Putman carried to this Examinant

161 359 304 59 able to speak

1315 356 1068 85 in a fit was made well upon the Examinants

158 394 1060 81 Mercy Lewis said she see her upon her feet last

1315 426 452 92 grasping her Arm

178 470 861 63 night. Mary Walcotts testimony read

1316 490 572 81 Suzan Sheldon the like.

159 510 1034 82 Eliz: Hubbard said I see her last sab: day hurt

1310 569 584 70 Mary Warren the like.

186 563 1027 99 Mary Walcot in the meeting house but I do not

1302 617 1034 91 When the examinant was pressed to confess

187 647 563 78 know that she hurt me

1321 674 1023 99 she said she did not hurt them: she was

162 709 673 74 Ann Putmans testimony read

1342 771 264 62 Innocent

168 768 1051 68 Mary Warren said that she saw this Woman & a

179 819 996 70 great company & that this Woman would have

1332 803 1059 95 Suzan: Sheldon said there is the Black man

182 874 997 78 her the said Warren go to their Sacrament

1338 888 582 64 whispering in her ear

198 942 483 76 up to Mr Parris

1338 963 1003 81 This is a true copy of the Original of

1243 1030 1116 72 the substance of the Original Examination

1249 1088 1114 95 of the aboves'd Sarah Buckley . Witness my han

1250 1156 998 90 upon my Oath taken this day in Court.

1977 1219 339 78 Sam: Parris

1264 1238 305 59 Sept'r 1692

2261 60 98 55 22
