1648 2333
387 83 1165 123 Anno RR's & Reginae Gulielmi & Mariae Angliae &c Quarto

393 143 529 84 Annoq'e Domini 1692

367 198 1164 111 The Juriors for our Sov'r Lord and Lady the King and Queen

306 270 1220 107 doe present That Sarah Buckley Wife of William Buckley

326 353 1202 66 of Salem - In the County of Essex Shoomaker - -

329 399 1206 70 In & upon the Eighteenth day of May - - - - -

259 466 1251 82 In the yeare aforesaid and divers other days and times as

326 527 1207 80 as well before as after Certaine detestable Arts called Witch

306 583 1251 80 craft or Sorceries Wickedly Mallitiously and felloniously hath

325 645 1243 73 used practised and Exercised At and in the Towne of Salem

318 696 550 72 in the County of Essex

1019 723 546 67 Aforesaid in upon & against

322 758 730 70 one Ann: Puttman of Salem

311 806 334 72 Single Woman

1408 791 164 50 aforesaid

321 852 1250 95 Acts the said An Puttnam the Day & yeare Aforesaid and divers

1128 825 427 66 by which said Wicked

326 929 1185 67 other days and times both before and after was and is

321 974 1234 83 Tortured Aflicted Consumed Pined Wasted & Tormented, and

328 1043 1233 70 also for sundry other Acts of Witchcraft by the said --

316 1101 1251 74 Sarah Buckley -- Comitted and done before and since that

320 1160 1256 77 time against Our Sov'r Lord and Lady the King & Queen

322 1211 1253 91 theire Crowne & Dignity and the forme in the Stattute

337 1285 785 77 In that case made and Provided.

50 87 313 97 Essex in the Province

48 149 319 144 of the Massachusetts

46 200 315 101 Bay in New England

142 262 93 91 ss//
