2397 1303
177 108 2080 89 Province of the Massathutetts Anno RRs & Reginae Gulielmi & Mariae Angliae &'c Quarto

169 207 1251 54 Bay in New England  Essex nnoq'e Dm: 1692

669 282 1589 63 The Juro'r for our Sov'r Lord and Lady the King & Queen Presents

181 358 2147 68 That William Barker Seino'r of Adivor in the County of Essex afore- said Husbandm

224 424 974 58 Sometime in August last 1692 afors'd

207 485 2029 60 And Divers other Dayes & times as well before as after Certaine Detestable Arts called

233 547 2087 68 Witchcrafts & Sorceryes Wickedly Mallishiously & feloniously hath used Practised &

221 602 2077 86 Excercised at and in the Towne of Andivor -- in the County of Essex afores'd upon

228 697 1536 67 & against one Abagaiele Martin of Andivo'r Single Woman

1798 701 507 54 By which Wicked Arts

233 854 2074 64 and Times as well before as after, was and is Tortured Afflicted. Tormented Consume

1034 783 1267 67 the Day and Year afores'd and Divers other Dayes

220 912 2102 89 Pined & wasted ag't the Peace of Sov'r Lord & Lady the King and and Queen their Crowne

237 980 1334 93 and Dignity & the Lawes in that case made & Provided:

85 1059 334 83 Wittnesses: Rose foster

225 1128 228 60 Matha Tyler
