2394 1587
96 124 672 64 rovince of the Massachusetts

1007 96 60 51 38

92 199 636 115 Bay Essex In New England

866 128 1416 129 Anno RR's & Reginae Gulielmi & Mariae Angliae &c Qua'rto

878 239 504 85 Anoq'e Dom 1692

730 297 1488 99 The Juro'rs for our Sov'r lord & lady the King & Queen p'rsent

485 392 1732 87 That William Barker senior of Andivo'r In the County of Essex aforsd

505 485 1615 66 Husbandman About Three years past in the Towneship

501 564 1797 57 Andivo'r aforesd Wickedly mallitiously & felloniously A Covenant

518 617 1778 75 with the Devill did make, And did Signe the Devills Booke with

535 681 1648 88 Blood, & gave himselfe Soule & body to the Devill, By which

538 776 1698 68 Wicked & diabollicall Covenant with the Devill made in maner

609 856 1544 70 & forme Aforesaid The Said William Barker is become A

555 940 1728 58 A detestable Witch Against the peace of o'r Sove'r lord & Lady

550 1007 1743 103 the King & Queen their Crowne & dignity & the laws in that

534 1088 674 94 Case made & provided.
