<?xml version="1.0" encoding="UTF-8"?>
<alto xmlns:xsi="http://www.w3.org/2001/XMLSchema-instance"
      xmlns="http://www.loc.gov/standards/alto/ns-v4#"
      xsi:schemaLocation="http://www.loc.gov/standards/alto/ns-v4# http://www.loc.gov/standards/alto/v4/alto-4-2.xsd">
  <Description>
    <MeasurementUnit>pixel</MeasurementUnit>
    <sourceImageInformation>
      <fileName>MA039r.jpg</fileName>
      
    </sourceImageInformation>
  </Description>
  
  <Tags>
    <OtherTag ID="BT1" LABEL="Title" DESCRIPTION="block type Title"/><OtherTag ID="BT2" LABEL="Main" DESCRIPTION="block type Main"/><OtherTag ID="BT3" LABEL="Commentary" DESCRIPTION="block type Commentary"/><OtherTag ID="BT4" LABEL="Illustration" DESCRIPTION="block type Illustration"/><OtherTag ID="BT6" LABEL="text" DESCRIPTION="block type text"/>
    <OtherTag ID="LT6" LABEL="default" DESCRIPTION="line type default"/>
  </Tags>
  
  <Layout>
    <Page WIDTH="1658"
          HEIGHT="2529"
          PHYSICAL_IMG_NR="15"
          ID="eSc_dummypage_">
      <PrintSpace HPOS="0"
                  VPOS="0"
                  WIDTH="1658"
                  HEIGHT="2529">
        
        <TextBlock HPOS="61"
                   VPOS="56"
                   WIDTH="1545"
                   HEIGHT="2404"
                   ID="eSc_textblock_d519efe8"
                   TAGREFS="BT6">
          <Shape><Polygon POINTS="1073 56 1202 84 1465 95 1499 172 1555 230 1606 1674 1583 2415 1549 2432 1133 2448 106 2460 89 2448 101 2394 219 2370 224 2113 213 1983 157 1954 151 1848 101 1808 95 1556 112 1511 67 1257 73 1079 95 994 196 914 207 590 196 505 118 476 118 387 73 369 61 134 196 89 1073 56"/></Shape>
          
          
          <TextLine ID="eSc_line_813c964b"
                    TAGREFS="LT6"
                    BASELINE="67 148 175 137 473 136 990 122 1458 136" 
                    HPOS="67"
                    VPOS="75"
                    WIDTH="1391"
                    HEIGHT="93">
            <Shape><Polygon POINTS="1385 91 1371 91 1357 89 1343 89 1329 88 1315 88 1301 88 1287 87 1273 87 1258 85 1244 85 1232 84 1226 84 1195 99 1143 99 1077 75 1076 75 1003 75 1001 75 1000 75 963 89 949 81 948 81 947 81 945 81 944 81 913 88 875 82 873 82 872 82 852 92 772 75 771 75 675 89 608 78 606 78 536 85 535 85 505 102 429 102 393 82 392 82 390 82 358 87 335 82 333 84 318 84 304 84 290 85 276 85 262 87 257 87 184 102 182 103 150 103 136 108 122 113 108 116 67 148 67 168 217 168 219 168 258 155 321 167 330 168 331 168 333 168 337 167 372 153 462 154 463 154 465 154 494 146 519 154 521 154 522 154 594 144 628 151 629 151 630 151 660 141 692 157 694 157 695 157 754 147 795 151 796 151 798 151 838 140 865 147 866 147 868 147 911 141 937 154 938 154 940 154 941 154 979 139 1162 139 1229 155 1260 164 1261 164 1263 164 1385 160 1386 160 1388 160 1396 154 1410 146 1455 153 1458 136 1457 99 1412 92 1399 92"/></Shape>
	    <String CONTENT="29. agust. 92. William Barker of Andove&#x27;rs examination &amp; confession"
                    HPOS="67"
                    VPOS="75"
                    WIDTH="1391"
                    HEIGHT="93"></String>
          </TextLine>

          
          
          <TextLine ID="eSc_line_a22a4b0c"
                    TAGREFS="LT6"
                    BASELINE="217 203 961 196 1489 213" 
                    HPOS="217"
                    VPOS="150"
                    WIDTH="1272"
                    HEIGHT="77">
            <Shape><Polygon POINTS="217 203 217 221 311 216 370 221 383 223 384 223 386 223 390 221 418 214 521 214 539 221 547 224 549 224 550 224 580 221 682 212 785 212 796 219 798 219 799 219 800 220 800 219 802 219 803 219 814 212 889 219 890 219 1007 213 1043 221 1065 226 1066 226 1115 221 1157 217 1169 221 1184 227 1185 227 1187 227 1215 221 1232 217 1239 221 1251 227 1253 227 1254 227 1487 220 1489 213 1487 171 1171 170 1160 165 1125 155 1124 155 1122 155 1065 162 1015 157 1014 157 1013 157 989 162 970 168 956 162 934 153 932 153 855 153 854 153 852 153 831 161 819 165 781 164 775 160 761 151 760 151 758 151 757 151 722 160 712 161 702 158 667 151 666 151 636 158 601 167 580 157 566 151 564 151 563 151 538 157 535 157 531 157 505 150 504 150 438 150 436 150 435 150 422 155 400 164 380 155 379 155 377 155 376 155 345 167 290 167 266 153 261 150 259 150 258 150 217 151 217 203"/></Shape>
	    <String CONTENT="He confesses he hes been in the snare of the devil three yeares, that the"
                    HPOS="217"
                    VPOS="150"
                    WIDTH="1272"
                    HEIGHT="77"></String>
          </TextLine>

          
          
          <TextLine ID="eSc_line_6a01aefd"
                    TAGREFS="LT6"
                    BASELINE="220 248 1059 245 1534 257" 
                    HPOS="219"
                    VPOS="205"
                    WIDTH="1315"
                    HEIGHT="67">
            <Shape><Polygon POINTS="1483 213 1475 213 1465 217 1455 221 1211 221 1194 216 1160 207 1159 207 1157 207 1117 216 1095 220 1073 216 1015 205 902 205 900 205 899 205 875 216 868 220 840 220 833 216 812 205 810 205 658 205 657 205 656 205 636 214 635 216 633 214 621 209 619 209 618 209 571 214 550 217 463 214 292 209 290 209 289 209 275 214 268 217 259 214 241 206 240 206 238 206 237 206 220 212 220 248 219 257 344 268 345 269 404 269 404 268 406 268 422 259 425 259 466 268 467 268 510 261 517 259 526 261 559 266 560 266 562 266 563 266 570 261 573 259 578 261 597 266 598 266 599 266 637 262 657 259 671 262 696 268 698 268 737 262 755 261 760 264 768 269 769 269 771 269 772 269 935 265 1093 261 1160 268 1197 271 1198 272 1362 272 1362 271 1364 271 1369 269 1393 264 1410 271 1412 271 1413 271 1414 272 1532 272 1534 257 1532 217 1493 207 1492 207 1490 207 1483 209 1483 213"/></Shape>
	    <String CONTENT="devil first appeared to him lyke a black man and perceived he had"
                    HPOS="219"
                    VPOS="205"
                    WIDTH="1315"
                    HEIGHT="67"></String>
          </TextLine>

          
          
          <TextLine ID="eSc_line_84fb7b06"
                    TAGREFS="LT6"
                    BASELINE="214 292 1041 293 1551 306" 
                    HPOS="214"
                    VPOS="251"
                    WIDTH="1337"
                    HEIGHT="70">
            <Shape><Polygon POINTS="214 292 216 311 241 306 413 313 414 313 415 313 505 302 573 314 574 314 576 314 577 314 660 303 1548 321 1551 306 1549 268 1458 268 1454 266 1437 259 1435 259 1434 259 1433 259 1410 266 1402 269 1398 266 1388 259 1386 259 1385 259 1287 258 1285 258 1150 265 1117 266 1112 265 1102 258 1101 258 1100 258 1098 258 1067 265 1059 266 1053 265 1029 255 1028 255 986 255 984 255 983 255 982 255 968 264 966 265 962 264 930 255 928 255 927 255 800 264 785 264 774 264 681 252 680 252 612 262 608 262 604 262 525 252 524 252 469 261 453 251 452 251 451 251 415 251 414 251 413 251 411 251 396 261 393 261 302 252 300 252 214 259 214 292"/></Shape>
	    <String CONTENT="a cloven foot, That the devil demanded of him to give up himself soul &amp;"
                    HPOS="214"
                    VPOS="251"
                    WIDTH="1337"
                    HEIGHT="70"></String>
          </TextLine>

          
          
          <TextLine ID="eSc_line_1aa0c14d"
                    TAGREFS="LT6"
                    BASELINE="232 343 251 341 878 340 1551 351" 
                    HPOS="229"
                    VPOS="292"
                    WIDTH="1321"
                    HEIGHT="81">
            <Shape><Polygon POINTS="1305 301 1297 299 1271 299 1263 299 1242 299 1221 299 1126 299 1124 299 1122 299 1120 299 1109 305 1103 309 1073 305 1020 297 1018 297 1016 297 997 303 987 307 915 303 831 297 829 297 826 297 812 301 788 307 757 301 729 295 727 295 577 297 291 303 229 292 229 341 229 362 253 351 276 362 280 364 282 364 284 366 476 366 476 364 478 364 483 362 504 354 527 362 537 366 540 366 542 366 580 362 658 356 679 364 687 366 689 366 691 366 693 366 700 364 715 356 736 364 744 366 746 366 748 366 807 364 915 358 926 364 932 368 934 368 936 368 938 368 982 364 1037 358 1044 364 1046 368 1048 368 1048 370 1050 370 1052 370 1054 370 1088 364 1109 360 1122 364 1139 370 1141 370 1143 370 1185 364 1217 360 1231 364 1250 370 1252 370 1255 370 1257 370 1278 364 1293 360 1299 364 1307 373 1309 373 1312 373 1314 373 1548 364 1550 349 1548 314 1309 301 1305 301"/></Shape>
	    <String CONTENT="Body unto him, which he promesed to doe, He said he had a great"
                    HPOS="229"
                    VPOS="292"
                    WIDTH="1321"
                    HEIGHT="81"></String>
          </TextLine>

          
          
          <TextLine ID="eSc_line_681c630a"
                    TAGREFS="LT6"
                    BASELINE="216 389 977 386 1535 397" 
                    HPOS="214"
                    VPOS="345"
                    WIDTH="1321"
                    HEIGHT="66">
            <Shape><Polygon POINTS="216 389 214 404 384 407 386 407 387 407 394 404 406 399 415 404 417 406 418 406 420 406 421 406 445 404 529 397 609 404 654 407 656 407 657 407 667 403 682 399 705 403 723 407 725 407 726 407 736 403 748 399 820 399 836 403 850 407 851 407 852 407 892 403 930 399 1090 401 1472 411 1473 411 1534 400 1535 397 1534 368 1240 368 1235 363 1218 351 1216 351 1215 351 1213 351 1212 351 1169 362 1133 349 1132 349 1131 349 1129 349 1088 362 1077 365 1045 363 1042 361 1024 349 1022 349 1021 349 1020 349 1018 349 982 361 966 365 951 361 913 348 911 348 792 348 791 348 789 348 767 358 758 358 616 349 615 349 614 349 601 356 592 361 571 356 531 347 491 347 490 347 488 347 470 355 456 361 422 354 392 348 390 348 389 348 368 354 356 356 345 354 323 345 321 345 320 345 318 345 300 352 296 354 290 352 261 345 259 345 258 345 216 351 216 389"/></Shape>
	    <String CONTENT="family, the world went hard with him and was willing to pay every"
                    HPOS="214"
                    VPOS="345"
                    WIDTH="1321"
                    HEIGHT="66"></String>
          </TextLine>

          
          
          <TextLine ID="eSc_line_9334f0f6"
                    TAGREFS="LT6"
                    BASELINE="214 429 1535 443" 
                    HPOS="213"
                    VPOS="390"
                    WIDTH="1322"
                    HEIGHT="70">
            <Shape><Polygon POINTS="213 445 435 442 446 448 446 449 448 449 449 449 451 449 462 448 505 443 514 449 517 451 518 451 519 451 629 452 630 452 668 449 729 445 806 451 875 455 876 455 947 451 1006 448 1101 452 1237 458 1239 458 1240 458 1256 452 1264 451 1281 452 1316 458 1317 458 1378 453 1400 452 1421 453 1495 460 1496 460 1534 453 1535 443 1534 415 1475 403 1473 403 1433 410 1382 397 1381 397 1379 397 1288 411 1271 413 1183 411 1178 408 1139 394 1138 394 1136 394 1065 407 1046 410 1038 407 1007 393 1006 393 1004 393 956 399 779 391 778 391 777 391 757 401 754 403 747 401 689 390 688 390 687 390 658 397 629 390 628 390 626 390 625 390 602 399 599 400 590 399 528 390 526 390 525 390 501 397 479 404 399 396 368 393 366 393 365 393 356 396 335 403 236 403 216 393 214 429 213 445"/></Shape>
	    <String CONTENT="man his own, And the devil told him he would pay all his debts"
                    HPOS="213"
                    VPOS="390"
                    WIDTH="1322"
                    HEIGHT="70"></String>
          </TextLine>

          
          
          <TextLine ID="eSc_line_d5152bde"
                    TAGREFS="LT6"
                    BASELINE="222 476 1510 488" 
                    HPOS="220"
                    VPOS="434"
                    WIDTH="1290"
                    HEIGHT="71">
            <Shape><Polygon POINTS="1486 443 1485 443 1444 449 1346 442 1344 442 1343 442 1299 455 1291 458 1233 458 1229 453 1215 443 1213 443 1212 443 1146 441 1145 441 1143 441 1121 453 1115 456 1084 456 1070 452 1004 439 1003 439 1001 439 968 452 962 453 796 453 791 451 754 436 753 436 751 436 698 445 649 435 647 435 581 449 577 449 571 449 507 434 505 434 222 445 222 476 220 494 403 497 404 497 411 497 453 488 546 497 549 497 550 497 552 497 553 497 564 490 637 490 872 491 907 500 914 501 916 501 924 500 962 494 970 501 973 502 975 502 976 502 977 502 997 501 1052 494 1115 501 1138 504 1139 504 1159 502 1202 497 1250 502 1275 505 1277 505 1509 504 1510 488 1510 456 1487 443 1486 443"/></Shape>
	    <String CONTENT="and he should live comfortably. -- He confesses he hes afflicted"
                    HPOS="220"
                    VPOS="434"
                    WIDTH="1290"
                    HEIGHT="71"></String>
          </TextLine>

          
          
          <TextLine ID="eSc_line_eabcb22b"
                    TAGREFS="LT6"
                    BASELINE="217 529 975 526 1558 540" 
                    HPOS="216"
                    VPOS="486"
                    WIDTH="1342"
                    HEIGHT="61">
            <Shape><Polygon POINTS="217 529 216 540 1555 547 1558 540 1558 501 1471 493 1469 493 1468 493 1466 493 1455 500 1447 505 1428 500 1419 497 1417 497 1416 497 1414 497 1407 500 1395 505 1365 500 1336 494 1334 494 1268 498 1251 500 1249 498 1235 493 1233 493 1232 493 1188 498 1149 504 1136 498 1117 490 1115 490 1063 490 1062 490 1060 490 1042 498 1034 502 941 502 930 497 913 488 911 488 878 488 876 488 875 488 858 497 851 501 769 501 760 497 747 488 746 488 744 488 696 487 695 487 647 495 623 501 531 501 521 495 500 486 498 486 497 486 384 487 383 487 365 494 355 498 268 498 261 494 244 486 243 486 241 486 240 486 217 493 217 529"/></Shape>
	    <String CONTENT="Sprague foster and martin, his three accusers. That he did syne"
                    HPOS="216"
                    VPOS="486"
                    WIDTH="1342"
                    HEIGHT="61"></String>
          </TextLine>

          
          
          <TextLine ID="eSc_line_39b23957"
                    TAGREFS="LT6"
                    BASELINE="214 577 1043 574 1561 587" 
                    HPOS="213"
                    VPOS="529"
                    WIDTH="1348"
                    HEIGHT="72">
            <Shape><Polygon POINTS="1478 539 1464 539 1450 539 1447 538 1431 546 1417 538 1409 538 1398 538 1379 547 1378 549 1323 549 1320 547 1302 535 1301 535 1299 535 1298 535 1244 540 1219 533 1212 533 1198 532 1184 532 1170 532 1156 532 1153 532 1152 532 1150 532 1149 532 1126 546 1124 547 991 547 987 545 961 532 959 532 958 532 893 540 805 531 719 531 717 531 716 531 715 531 695 543 664 531 663 531 605 529 594 529 580 529 566 529 557 529 556 529 555 529 525 542 521 545 442 545 438 542 424 532 422 532 421 532 420 532 394 536 383 529 382 529 380 529 379 529 377 529 349 540 342 543 320 540 241 531 240 531 238 531 214 538 214 577 213 587 333 595 334 595 404 590 436 587 462 590 504 595 505 595 507 595 517 591 524 587 629 591 691 594 692 594 717 592 771 588 779 592 785 597 786 597 788 597 924 598 925 598 962 595 1010 590 1055 595 1077 598 1079 598 1108 595 1181 590 1199 597 1204 598 1205 598 1206 598 1208 598 1213 597 1240 590 1309 598 1327 599 1329 599 1343 598 1395 591 1421 599 1424 599 1426 599 1427 601 1559 601 1561 587 1559 549 1487 539 1478 539"/></Shape>
	    <String CONTENT="the devils book with blood brought to him in a thing lyke an Inkhorn"
                    HPOS="213"
                    VPOS="529"
                    WIDTH="1348"
                    HEIGHT="72"></String>
          </TextLine>

          
          
          <TextLine ID="eSc_line_6984c10c"
                    TAGREFS="LT6"
                    BASELINE="220 629 597 623 1556 628" 
                    HPOS="220"
                    VPOS="581"
                    WIDTH="1336"
                    HEIGHT="66">
            <Shape><Polygon POINTS="1413 584 1399 584 1350 594 1319 583 1317 583 1316 583 1315 583 1289 594 1288 594 1243 584 1242 584 1240 584 1211 594 1209 594 1180 583 1178 583 1177 583 1176 583 1154 594 1150 594 1065 583 1029 583 1028 583 1027 583 1025 583 1010 594 1007 594 629 594 628 592 611 581 609 581 608 581 606 581 342 588 265 581 264 581 220 591 220 629 220 644 571 636 597 644 598 644 599 644 799 639 812 646 813 646 814 646 816 647 923 647 923 646 924 646 925 646 935 639 982 646 986 646 987 646 989 646 1006 639 1020 644 1021 644 1022 644 1147 637 1399 646 1403 646 1405 646 1406 646 1433 637 1554 646 1556 628 1555 595 1440 595 1440 594 1413 584 1413 584"/></Shape>
	    <String CONTENT="that he dipt his finger therein and made a blott in the book which was"
                    HPOS="220"
                    VPOS="581"
                    WIDTH="1336"
                    HEIGHT="66"></String>
          </TextLine>

          
          
          <TextLine ID="eSc_line_6166993c"
                    TAGREFS="LT6"
                    BASELINE="223 672 1110 667" 
                    HPOS="222"
                    VPOS="629"
                    WIDTH="888"
                    HEIGHT="59">
            <Shape><Polygon POINTS="223 672 223 688 1108 680 1110 667 1108 636 1100 629 1098 629 1097 629 1056 629 1055 629 1053 629 1034 639 1032 639 1013 629 1011 629 1010 629 1008 629 977 636 945 629 944 629 942 629 924 639 883 633 882 633 880 633 879 633 869 640 865 643 814 643 812 640 792 630 791 630 789 630 788 630 786 630 786 632 775 642 774 643 694 643 694 642 667 630 666 630 664 630 615 639 564 632 563 632 562 632 560 632 560 633 552 642 533 633 532 633 531 633 529 633 528 633 512 644 484 644 446 632 445 632 444 632 442 632 404 644 375 633 373 633 302 633 300 633 299 633 297 633 282 646 222 646 223 672"/></Shape>
	    <String CONTENT="a confirmation of the Covenant with the devil."
                    HPOS="222"
                    VPOS="629"
                    WIDTH="888"
                    HEIGHT="59"></String>
          </TextLine>

          
          
          <TextLine ID="eSc_line_51d4b7e2"
                    TAGREFS="LT6"
                    BASELINE="224 720 996 719 1548 706" 
                    HPOS="223"
                    VPOS="667"
                    WIDTH="1325"
                    HEIGHT="74">
            <Shape><Polygon POINTS="224 720 224 733 377 741 379 741 524 733 536 733 560 733 740 737 741 737 743 737 753 733 758 730 779 733 817 737 819 737 845 733 864 729 880 733 895 736 896 736 897 736 1055 732 1333 724 1546 730 1548 706 1546 677 1525 667 1524 667 1523 667 1521 667 1497 675 1462 668 1461 668 1459 668 1458 668 1445 677 1434 684 1389 684 1332 677 1258 670 1257 670 1222 677 1191 684 1147 677 1107 671 1105 671 1104 671 1091 677 1077 685 1032 685 1008 678 993 672 991 672 990 672 989 672 977 678 958 688 681 689 571 678 538 675 536 675 535 675 533 675 529 678 510 691 465 678 462 678 460 678 325 678 324 678 323 678 321 678 309 687 290 678 289 678 288 678 286 678 223 678 224 720"/></Shape>
	    <String CONTENT="He confesses he was at a meeting of witches at Salem Village where"
                    HPOS="223"
                    VPOS="667"
                    WIDTH="1325"
                    HEIGHT="74"></String>
          </TextLine>

          
          
          <TextLine ID="eSc_line_af088cad"
                    TAGREFS="LT6"
                    BASELINE="220 768 955 765 1532 753" 
                    HPOS="220"
                    VPOS="716"
                    WIDTH="1312"
                    HEIGHT="77">
            <Shape><Polygon POINTS="220 793 538 789 539 789 549 786 574 779 597 785 605 788 606 788 608 788 609 788 615 785 629 778 673 783 685 785 687 785 698 783 746 774 813 781 871 786 872 786 914 778 947 772 987 776 1051 783 1052 783 1053 783 1083 775 1095 771 1140 774 1243 779 1244 779 1246 779 1263 771 1268 768 1278 769 1302 775 1303 775 1305 775 1306 775 1315 769 1316 768 1323 769 1353 774 1354 774 1451 767 1452 767 1485 779 1486 779 1487 779 1489 779 1532 764 1532 753 1528 727 1459 727 1457 727 1437 716 1435 716 1434 716 1275 717 1274 717 1237 726 1171 719 1170 719 1169 719 1149 727 1132 736 955 736 909 727 873 722 872 722 827 727 761 737 741 727 734 724 733 724 647 724 646 724 644 724 636 727 614 739 479 741 446 729 444 727 442 727 441 727 431 729 348 743 314 734 313 734 311 734 310 734 309 734 296 743 266 736 265 736 264 736 262 736 247 741 220 729 220 768 220 793"/></Shape>
	    <String CONTENT="he judges there was about a hundred of them, that the meeting"
                    HPOS="220"
                    VPOS="716"
                    WIDTH="1312"
                    HEIGHT="77"></String>
          </TextLine>

          
          
          <TextLine ID="eSc_line_2e6d41d5"
                    TAGREFS="LT6"
                    BASELINE="224 816 918 814 1542 800" 
                    HPOS="223"
                    VPOS="764"
                    WIDTH="1319"
                    HEIGHT="79">
            <Shape><Polygon POINTS="224 816 224 831 303 841 304 843 338 843 338 841 340 841 362 830 363 830 365 830 392 840 393 840 394 840 495 838 497 838 518 830 598 838 599 838 601 838 626 827 628 827 635 827 723 835 725 835 726 835 727 835 740 826 741 826 757 826 970 834 972 834 1111 821 1118 821 1119 821 1145 831 1146 831 1147 831 1192 821 1251 830 1253 830 1254 830 1282 820 1282 819 1357 819 1362 819 1458 828 1459 828 1541 816 1542 800 1539 764 1375 764 1374 764 1372 764 1365 767 1351 774 1340 768 1334 765 1333 765 1250 765 1249 765 1219 771 1188 776 1169 772 1159 769 1157 769 1156 769 1142 772 1101 782 1077 774 1065 769 1063 769 1062 769 1060 769 1046 775 1035 778 1018 775 977 768 976 768 931 776 897 783 871 778 865 778 864 778 857 779 827 785 796 781 736 771 734 771 733 771 732 771 715 782 708 786 677 783 633 778 632 778 601 785 585 788 559 786 503 781 501 781 500 781 473 788 465 789 422 789 237 785 236 785 234 785 233 785 223 789 224 816"/></Shape>
	    <String CONTENT="was upon a green peece of ground neare the ministe&#x27;rs house, He"
                    HPOS="223"
                    VPOS="764"
                    WIDTH="1319"
                    HEIGHT="79"></String>
          </TextLine>

          
          
          <TextLine ID="eSc_line_9d207433"
                    TAGREFS="LT6"
                    BASELINE="222 862 1000 865 1556 857" 
                    HPOS="220"
                    VPOS="817"
                    WIDTH="1336"
                    HEIGHT="77">
            <Shape><Polygon POINTS="222 862 224 893 248 876 356 890 389 894 390 894 392 894 406 890 432 882 487 889 493 889 494 889 495 889 498 889 531 880 556 887 560 889 562 889 563 889 573 887 614 879 640 886 650 889 651 889 653 889 654 889 660 886 680 876 736 875 768 885 788 890 789 890 791 890 792 890 819 883 821 883 823 883 843 893 844 893 845 894 897 894 897 893 899 893 924 882 928 880 947 882 976 885 977 885 979 885 989 882 1007 875 1024 880 1059 893 1060 893 1062 894 1095 894 1095 893 1097 893 1132 879 1143 873 1249 873 1310 873 1315 876 1344 892 1346 892 1347 893 1464 893 1464 892 1465 892 1507 873 1509 873 1555 873 1556 857 1554 817 1514 817 1513 817 1511 817 1510 817 1493 828 1445 820 1444 820 1381 830 1348 817 1347 817 1298 817 1296 817 1295 817 1294 817 1247 831 1206 819 1205 819 1204 819 1111 831 1069 820 1067 820 1066 820 1065 820 1039 831 931 824 930 824 796 830 741 819 736 819 734 819 688 819 685 820 684 820 656 831 621 823 619 823 618 823 616 823 615 823 601 833 529 823 528 823 526 823 487 833 446 826 445 826 393 833 361 820 359 820 358 820 356 820 355 820 354 820 330 834 289 834 259 820 257 820 255 820 254 820 220 820 222 862"/></Shape>
	    <String CONTENT="said they mett there to destroy that place by reason of the peoples"
                    HPOS="220"
                    VPOS="817"
                    WIDTH="1336"
                    HEIGHT="77"></String>
          </TextLine>

          
          
          <TextLine ID="eSc_line_27e6cd48"
                    TAGREFS="LT6"
                    BASELINE="223 913 1229 910" 
                    HPOS="222"
                    VPOS="869"
                    WIDTH="1007"
                    HEIGHT="70">
            <Shape><Polygon POINTS="223 913 223 928 279 928 282 928 310 938 311 938 313 938 314 938 331 928 333 928 335 928 376 938 377 938 379 938 413 928 415 928 417 928 456 937 458 937 533 931 542 938 543 938 545 938 546 939 616 939 616 938 618 938 637 928 674 928 723 938 725 938 726 938 727 938 727 937 739 927 740 927 744 927 803 937 805 937 944 935 945 935 961 927 972 937 973 937 975 937 976 937 1053 927 1110 927 1138 937 1139 937 1140 937 1142 937 1171 928 1202 937 1204 937 1205 937 1206 937 1229 925 1229 910 1223 869 1194 883 1166 869 1164 869 1163 869 1129 869 1128 869 1126 869 1125 869 1124 871 1101 885 979 885 947 873 945 873 944 873 942 873 918 885 807 885 791 875 784 872 782 872 781 872 779 872 767 876 751 880 746 876 739 869 737 869 736 869 734 869 673 871 671 871 653 878 642 882 635 878 626 872 625 872 623 872 622 872 621 872 599 878 590 880 577 879 536 871 535 871 479 879 435 871 434 871 432 871 400 880 386 885 351 882 240 871 238 871 237 871 236 871 222 879 223 913"/></Shape>
	    <String CONTENT="being divided &amp; theire differing with their ministe&#x27;rs"
                    HPOS="222"
                    VPOS="869"
                    WIDTH="1007"
                    HEIGHT="70"></String>
          </TextLine>

          
          
          <TextLine ID="eSc_line_6b509e58"
                    TAGREFS="LT6"
                    BASELINE="213 965 1125 965 1353 953 1576 955" 
                    HPOS="212"
                    VPOS="914"
                    WIDTH="1364"
                    HEIGHT="76">
            <Shape><Polygon POINTS="213 965 214 984 252 973 352 973 408 984 429 989 431 990 467 990 467 989 469 989 470 989 476 984 488 977 528 984 536 986 538 987 618 987 618 986 619 986 622 984 640 977 660 984 663 986 664 986 774 989 775 989 777 989 778 989 784 984 793 977 857 976 924 984 945 987 947 987 962 984 1000 977 1022 984 1027 986 1028 986 1029 986 1038 984 1098 972 1159 984 1173 987 1174 989 1233 989 1233 987 1235 987 1242 984 1277 970 1381 970 1534 970 1573 984 1576 955 1575 925 1545 914 1544 914 1391 914 1389 914 1330 924 1288 932 1274 924 1260 916 1258 916 1257 916 1225 916 1223 916 1222 916 1206 924 1201 927 1194 924 1185 920 1184 920 1183 920 1181 920 1171 924 1146 934 1074 934 1041 923 1031 920 1029 920 1028 920 1027 920 1020 923 993 934 833 934 789 921 788 921 786 921 715 934 671 920 661 917 660 917 658 917 657 917 650 920 622 932 569 934 555 927 553 927 552 927 497 934 435 918 429 917 428 917 427 917 425 917 421 918 383 930 328 921 327 921 325 921 324 921 309 931 289 921 288 921 212 917 213 965"/></Shape>
	    <String CONTENT="Satans design was to set up his own worship, abolish all the churches"
                    HPOS="212"
                    VPOS="914"
                    WIDTH="1364"
                    HEIGHT="76"></String>
          </TextLine>

          
          
          <TextLine ID="eSc_line_0b2d8f19"
                    TAGREFS="LT6"
                    BASELINE="226 1005 505 1018 911 1020 1413 1000 1572 1001" 
                    HPOS="224"
                    VPOS="962"
                    WIDTH="1348"
                    HEIGHT="79">
            <Shape><Polygon POINTS="226 1005 226 1029 358 1029 387 1041 389 1041 390 1041 484 1029 611 1039 612 1039 614 1039 640 1031 750 1038 751 1038 878 1028 1013 1035 1014 1035 1104 1034 1105 1034 1107 1034 1119 1027 1249 1032 1250 1032 1251 1032 1295 1018 1296 1018 1301 1018 1406 1024 1407 1024 1409 1024 1410 1024 1420 1017 1420 1015 1570 1014 1572 1001 1570 975 1538 962 1537 962 1476 962 1475 962 1473 962 1441 976 1440 976 1438 976 1368 963 1367 963 1287 965 1285 965 1263 976 1249 984 1201 984 1183 977 1169 972 1167 972 1166 972 1164 972 1153 977 1136 986 1041 986 1022 977 1001 969 1000 969 999 969 944 977 880 987 848 987 830 977 810 969 809 969 807 969 806 969 781 977 750 990 570 990 547 979 535 972 533 972 532 972 487 979 452 984 436 979 422 973 421 973 420 973 224 979 226 1005"/></Shape>
	    <String CONTENT="in the land, to fall next upon Salem and soe goe through the countrey,"
                    HPOS="224"
                    VPOS="962"
                    WIDTH="1348"
                    HEIGHT="79"></String>
          </TextLine>

          
          
          <TextLine ID="eSc_line_9df2614b"
                    TAGREFS="LT6"
                    BASELINE="170 967 159 1011 180 1954" 
                    HPOS="122"
                    VPOS="965"
                    WIDTH="103"
                    HEIGHT="988">
            <Shape><Polygon POINTS="139 965 128 1049 128 1051 128 1053 128 1055 141 1076 130 1106 130 1108 130 1110 130 1112 141 1150 143 1159 141 1169 135 1213 135 1216 143 1283 145 1306 143 1310 122 1344 122 1346 122 1348 122 1350 126 1521 126 1523 141 1572 130 1677 130 1679 130 1681 130 1683 132 1683 147 1698 151 1702 156 1757 147 1780 143 1791 143 1793 143 1795 143 1797 147 1812 156 1837 147 1865 135 1911 135 1913 135 1915 135 1917 147 1953 179 1953 213 1949 213 1839 213 1837 225 1808 225 1806 225 1804 225 1801 225 1799 213 1782 210 1778 213 1761 219 1723 219 1721 219 1719 213 1707 208 1698 213 1692 223 1677 223 1675 223 1673 223 1671 223 1669 213 1635 206 1616 213 1595 221 1567 221 1565 221 1563 221 1561 213 1527 202 1498 202 1378 210 1363 213 1361 213 1359 213 1357 213 1355 213 1353 210 1346 202 1321 210 1291 215 1277 215 1275 215 1272 210 1249 200 1201 210 1154 213 1140 213 1138 213 1135 210 1125 196 1074 208 965 168 965 139 965"/></Shape>
	    <String CONTENT="he owned this is the Court of Oyre &amp; Terminer as"
                    HPOS="122"
                    VPOS="965"
                    WIDTH="103"
                    HEIGHT="988"></String>
          </TextLine>

          
          
          <TextLine ID="eSc_line_65673e90"
                    TAGREFS="LT6"
                    BASELINE="226 1073 938 1070 1368 1053 1572 1050" 
                    HPOS="224"
                    VPOS="1011"
                    WIDTH="1348"
                    HEIGHT="84">
            <Shape><Polygon POINTS="226 1073 226 1088 331 1086 349 1088 372 1093 373 1093 396 1088 415 1084 431 1087 451 1091 452 1091 453 1091 467 1087 481 1083 505 1087 529 1090 531 1090 550 1086 557 1084 560 1086 573 1094 574 1094 576 1094 577 1095 644 1095 644 1094 646 1094 667 1086 755 1091 757 1091 758 1091 784 1083 814 1091 816 1091 817 1091 1065 1088 1177 1077 1178 1077 1247 1086 1249 1086 1303 1074 1322 1072 1570 1072 1572 1050 1569 1027 1410 1011 1409 1011 1407 1011 1375 1020 1302 1013 1301 1013 1299 1013 1271 1027 1261 1031 1251 1027 1235 1020 1233 1020 1232 1020 1192 1027 1188 1027 1187 1027 1171 1018 1170 1018 1169 1018 1115 1027 1060 1035 1038 1027 1028 1022 1027 1022 1025 1022 1024 1022 1008 1027 977 1035 951 1029 949 1029 802 1038 772 1031 771 1031 769 1031 768 1031 747 1041 643 1041 578 1032 577 1032 576 1032 542 1041 500 1027 490 1024 488 1024 487 1024 465 1027 432 1032 224 1028 226 1073"/></Shape>
	    <String CONTENT="He sayth the devil promeised that all his people should live bravely"
                    HPOS="224"
                    VPOS="1011"
                    WIDTH="1348"
                    HEIGHT="84"></String>
          </TextLine>

          
          
          <TextLine ID="eSc_line_743689d9"
                    TAGREFS="LT6"
                    BASELINE="229 1119 741 1124 1579 1101" 
                    HPOS="227"
                    VPOS="1062"
                    WIDTH="1352"
                    HEIGHT="87">
            <Shape><Polygon POINTS="229 1119 229 1136 342 1136 386 1149 387 1149 389 1149 481 1136 547 1146 549 1146 684 1138 924 1139 925 1139 927 1139 954 1128 961 1125 976 1128 1029 1138 1031 1138 1032 1138 1076 1126 1083 1125 1095 1126 1143 1132 1145 1132 1190 1125 1216 1121 1240 1125 1280 1131 1281 1131 1330 1124 1367 1118 1577 1119 1579 1101 1576 1074 1367 1062 1365 1062 1260 1067 1258 1067 1237 1077 1233 1079 1219 1077 1146 1067 1145 1067 1074 1079 1060 1080 1034 1079 959 1074 958 1074 956 1074 945 1080 934 1086 876 1086 827 1081 791 1077 789 1077 788 1077 771 1081 764 1083 757 1081 734 1074 733 1074 732 1074 730 1074 729 1074 717 1081 705 1088 673 1083 660 1080 658 1080 632 1083 553 1091 522 1084 507 1080 505 1080 504 1080 503 1080 488 1084 456 1093 410 1084 382 1080 380 1080 227 1086 229 1119"/></Shape>
	    <String CONTENT="that all persones should be equall; that their should be no day"
                    HPOS="227"
                    VPOS="1062"
                    WIDTH="1352"
                    HEIGHT="87"></String>
          </TextLine>

          
          
          <TextLine ID="eSc_line_66efaf5c"
                    TAGREFS="LT6"
                    BASELINE="236 1170 673 1175 1308 1157 1577 1154" 
                    HPOS="234"
                    VPOS="1116"
                    WIDTH="1343"
                    HEIGHT="90">
            <Shape><Polygon POINTS="236 1170 236 1206 394 1202 396 1202 397 1202 421 1188 517 1199 538 1201 539 1201 708 1199 765 1197 767 1197 779 1191 806 1180 906 1187 990 1194 991 1194 1073 1183 1126 1175 1208 1178 1246 1180 1247 1180 1295 1175 1339 1173 1347 1174 1367 1180 1368 1180 1369 1180 1371 1180 1372 1180 1382 1174 1385 1171 1577 1167 1577 1154 1572 1121 1541 1131 1525 1121 1520 1116 1518 1116 1517 1116 1465 1116 1464 1116 1462 1116 1445 1122 1419 1131 1395 1122 1384 1118 1382 1118 1381 1118 1379 1118 1369 1122 1364 1125 1357 1122 1346 1119 1344 1119 1343 1119 1341 1119 1334 1122 1319 1132 1267 1135 1226 1124 1213 1121 1212 1121 1211 1121 1191 1124 1128 1138 1074 1125 1063 1124 1062 1124 1060 1124 1053 1126 1008 1140 954 1140 918 1129 917 1129 916 1129 914 1129 913 1129 890 1143 840 1143 816 1132 814 1132 813 1132 812 1132 779 1145 705 1145 623 1131 622 1131 621 1131 619 1131 577 1146 501 1145 481 1132 480 1132 479 1132 477 1132 476 1132 394 1145 340 1133 338 1133 337 1133 234 1133 236 1170"/></Shape>
	    <String CONTENT="of resurection or of judgement, and neither punishment nor shame"
                    HPOS="234"
                    VPOS="1116"
                    WIDTH="1343"
                    HEIGHT="90"></String>
          </TextLine>

          
          
          <TextLine ID="eSc_line_34a5aedf"
                    TAGREFS="LT6"
                    BASELINE="236 1225 859 1222 1565 1201" 
                    HPOS="234"
                    VPOS="1167"
                    WIDTH="1331"
                    HEIGHT="80">
            <Shape><Polygon POINTS="236 1225 237 1247 275 1237 373 1243 375 1243 477 1234 514 1240 524 1242 525 1242 535 1240 571 1232 647 1237 682 1239 684 1239 1058 1232 1059 1232 1080 1225 1093 1222 1105 1225 1132 1230 1133 1230 1135 1230 1149 1223 1156 1220 1194 1222 1281 1227 1282 1227 1343 1219 1361 1216 1395 1218 1524 1222 1525 1222 1527 1222 1565 1212 1565 1201 1561 1167 1503 1174 1417 1170 1409 1170 1407 1170 1406 1170 1405 1170 1395 1177 1367 1171 1358 1170 1357 1170 1355 1170 1351 1171 1313 1185 1239 1178 1237 1178 1195 1188 1178 1180 1177 1180 1176 1180 1128 1190 1091 1177 1090 1177 1088 1177 1087 1177 1086 1177 1083 1177 1041 1191 917 1181 889 1180 888 1180 886 1180 875 1183 847 1190 834 1184 829 1181 827 1181 826 1181 792 1184 754 1188 739 1185 720 1183 719 1183 717 1183 709 1187 681 1198 234 1198 236 1225"/></Shape>
	    <String CONTENT="for sin. -- He sayth there was a Sacrament at that"
                    HPOS="234"
                    VPOS="1167"
                    WIDTH="1331"
                    HEIGHT="80"></String>
          </TextLine>

          
          
          <TextLine ID="eSc_line_c189d6a3"
                    TAGREFS="LT6"
                    BASELINE="236 1274 833 1272 1226 1256 1551 1249" 
                    HPOS="234"
                    VPOS="1215"
                    WIDTH="1317"
                    HEIGHT="81">
            <Shape><Polygon POINTS="767 1223 740 1225 739 1225 737 1225 723 1234 710 1243 587 1246 545 1246 528 1237 503 1227 501 1227 500 1227 498 1227 477 1239 460 1247 407 1249 372 1249 352 1240 324 1230 323 1230 321 1230 259 1232 258 1232 234 1242 236 1274 236 1284 264 1294 265 1294 320 1296 321 1296 323 1296 354 1286 410 1296 411 1296 413 1296 444 1285 487 1295 488 1295 490 1295 508 1288 673 1292 674 1292 675 1292 677 1292 691 1284 986 1286 987 1286 989 1286 1025 1275 1027 1275 1028 1275 1083 1285 1084 1285 1086 1285 1115 1274 1124 1271 1181 1274 1267 1277 1268 1277 1289 1272 1308 1268 1324 1271 1346 1275 1347 1275 1371 1271 1393 1267 1549 1268 1551 1249 1549 1220 1528 1215 1527 1215 1525 1215 1524 1215 1513 1220 1503 1226 1492 1220 1483 1218 1482 1218 1302 1215 1301 1215 1233 1226 1218 1227 1211 1226 1192 1220 1191 1220 1190 1220 1188 1220 1187 1220 1177 1226 1162 1236 1129 1236 1114 1227 1102 1222 1101 1222 1100 1222 1098 1222 1083 1227 1063 1237 942 1240 918 1240 903 1232 888 1223 886 1223 885 1223 883 1223 866 1232 865 1232 861 1232 768 1223 767 1223"/></Shape>
	    <String CONTENT="meeting, theire was also bread &amp; wyne m&#x27;r Burse was a"
                    HPOS="234"
                    VPOS="1215"
                    WIDTH="1317"
                    HEIGHT="81"></String>
          </TextLine>

          
          
          <TextLine ID="eSc_line_a3296cd2"
                    TAGREFS="LT6"
                    BASELINE="240 1322 819 1322 1554 1294" 
                    HPOS="238"
                    VPOS="1257"
                    WIDTH="1316"
                    HEIGHT="88">
            <Shape><Polygon POINTS="729 1274 727 1274 715 1279 694 1289 601 1282 567 1281 566 1281 564 1281 556 1284 533 1295 406 1295 390 1289 370 1282 369 1282 368 1282 238 1292 240 1322 240 1337 303 1345 304 1345 368 1336 392 1345 393 1345 394 1345 396 1345 431 1334 574 1340 576 1340 577 1340 606 1331 644 1343 646 1343 647 1343 649 1343 674 1334 774 1341 775 1341 777 1341 812 1333 879 1338 880 1338 882 1338 883 1338 899 1329 913 1336 914 1336 916 1337 1014 1337 1014 1336 1081 1324 1094 1333 1095 1333 1097 1333 1098 1333 1166 1320 1204 1330 1205 1330 1206 1330 1312 1329 1313 1329 1374 1312 1554 1306 1554 1294 1551 1257 1461 1257 1459 1257 1458 1257 1450 1258 1412 1270 1341 1263 1316 1260 1315 1260 1298 1264 1247 1275 1206 1265 1191 1263 1190 1263 1188 1263 1180 1267 1157 1277 1067 1270 1058 1270 1056 1270 1055 1270 1053 1270 1034 1281 990 1277 989 1277 949 1285 879 1285 850 1275 843 1274 841 1274 840 1274 827 1277 795 1284 760 1278 730 1274 729 1274"/></Shape>
	    <String CONTENT="ringleader in that meeting and named several persones that"
                    HPOS="238"
                    VPOS="1257"
                    WIDTH="1316"
                    HEIGHT="88"></String>
          </TextLine>

          
          
          <TextLine ID="eSc_line_4abeb19e"
                    TAGREFS="LT6"
                    BASELINE="231 1365 824 1371 1583 1341" 
                    HPOS="230"
                    VPOS="1306"
                    WIDTH="1353"
                    HEIGHT="87">
            <Shape><Polygon POINTS="231 1365 231 1386 327 1385 330 1385 355 1392 356 1392 358 1392 477 1382 481 1382 486 1382 588 1392 590 1392 657 1382 708 1393 709 1393 710 1393 747 1376 747 1375 778 1375 781 1375 813 1390 814 1390 816 1390 861 1383 1049 1386 1051 1386 1184 1381 1246 1367 1265 1375 1267 1375 1268 1375 1330 1364 1336 1364 1341 1364 1427 1372 1428 1372 1583 1358 1583 1341 1579 1306 1441 1309 1440 1309 1438 1309 1421 1320 1353 1312 1340 1310 1339 1310 1337 1310 1336 1310 1334 1312 1309 1327 1278 1329 1218 1315 1213 1315 1212 1315 1211 1315 1209 1315 1184 1327 1139 1327 1088 1319 1073 1316 1072 1316 1070 1316 1069 1316 1065 1319 1039 1336 875 1337 826 1326 813 1323 812 1323 810 1323 803 1326 772 1341 699 1341 673 1330 664 1326 663 1326 661 1326 660 1326 651 1330 625 1344 583 1344 552 1333 535 1327 533 1327 532 1327 480 1329 479 1329 462 1334 428 1347 399 1337 380 1330 379 1330 377 1330 376 1330 345 1338 325 1343 297 1340 248 1333 247 1333 245 1333 230 1338 231 1365"/></Shape>
	    <String CONTENT="were there at the meeting, It was proposed at the meeting to make"
                    HPOS="230"
                    VPOS="1306"
                    WIDTH="1353"
                    HEIGHT="87"></String>
          </TextLine>

          
          
          <TextLine ID="eSc_line_935f1c40"
                    TAGREFS="LT6"
                    BASELINE="230 1413 844 1421 1561 1389" 
                    HPOS="229"
                    VPOS="1357"
                    WIDTH="1332"
                    HEIGHT="85">
            <Shape><Polygon POINTS="230 1413 230 1435 377 1438 379 1438 380 1438 397 1433 400 1431 403 1433 425 1442 427 1442 428 1442 429 1442 452 1431 453 1430 519 1428 535 1430 644 1441 646 1441 768 1438 769 1438 799 1424 852 1437 854 1437 968 1434 969 1434 1010 1423 1028 1431 1029 1431 1031 1431 1032 1431 1060 1421 1110 1431 1111 1431 1202 1430 1204 1430 1270 1413 1271 1413 1273 1413 1292 1423 1294 1423 1295 1423 1395 1419 1406 1426 1407 1426 1409 1426 1410 1426 1412 1426 1461 1409 1561 1406 1561 1389 1558 1358 1437 1357 1435 1357 1434 1357 1428 1360 1414 1367 1381 1361 1365 1358 1364 1358 1362 1358 1354 1361 1313 1376 1246 1362 1235 1361 1233 1361 1211 1364 1058 1385 973 1385 952 1376 951 1376 949 1376 889 1386 857 1375 855 1375 854 1375 852 1375 851 1375 830 1389 709 1392 673 1392 637 1376 636 1376 635 1376 633 1376 580 1390 518 1375 515 1375 514 1375 435 1376 410 1378 408 1378 376 1392 229 1381 230 1413"/></Shape>
	    <String CONTENT="as many witches as they could, And they were all by m&#x27;r Burse and"
                    HPOS="229"
                    VPOS="1357"
                    WIDTH="1332"
                    HEIGHT="85"></String>
          </TextLine>

          
          
          <TextLine ID="eSc_line_4a635f1f"
                    TAGREFS="LT6"
                    BASELINE="231 1465 1008 1464 1461 1442 1582 1442" 
                    HPOS="230"
                    VPOS="1407"
                    WIDTH="1352"
                    HEIGHT="83">
            <Shape><Polygon POINTS="1053 1413 1052 1413 1051 1413 1048 1414 1010 1431 975 1424 973 1424 972 1424 954 1434 866 1434 830 1424 829 1424 827 1424 826 1424 807 1434 664 1437 564 1421 563 1421 562 1421 560 1421 535 1440 444 1440 399 1421 397 1421 396 1421 394 1421 393 1421 392 1421 376 1428 230 1424 231 1465 231 1479 333 1479 361 1490 362 1490 363 1490 365 1490 396 1476 414 1486 415 1486 505 1489 507 1489 599 1478 684 1486 685 1487 772 1487 772 1486 774 1486 806 1478 836 1485 837 1485 838 1485 840 1485 872 1476 1098 1482 1100 1482 1171 1480 1228 1468 1261 1478 1263 1478 1264 1478 1327 1464 1330 1464 1333 1464 1381 1471 1382 1471 1384 1471 1399 1462 1580 1459 1582 1442 1580 1409 1448 1407 1447 1407 1445 1407 1441 1410 1410 1427 1372 1410 1368 1409 1367 1409 1319 1409 1317 1409 1271 1410 1270 1410 1264 1412 1206 1430 1177 1420 1176 1420 1174 1420 1173 1420 1156 1427 1105 1419 1104 1419 1074 1423 1058 1414 1055 1413 1053 1413"/></Shape>
	    <String CONTENT="the black man exhorted to pull down the Kingdome of christ and set"
                    HPOS="230"
                    VPOS="1407"
                    WIDTH="1352"
                    HEIGHT="83"></String>
          </TextLine>

          
          
          <TextLine ID="eSc_line_260d2f5d"
                    TAGREFS="LT6"
                    BASELINE="238 1507 435 1517 1018 1515 1583 1493" 
                    HPOS="238"
                    VPOS="1455"
                    WIDTH="1345"
                    HEIGHT="87">
            <Shape><Polygon POINTS="924 1465 795 1469 779 1471 778 1471 741 1483 637 1472 616 1471 615 1471 614 1471 606 1473 569 1487 480 1487 459 1476 459 1475 458 1475 456 1475 415 1473 414 1473 309 1476 307 1476 306 1476 303 1479 286 1489 238 1480 238 1507 238 1531 348 1530 351 1530 403 1542 404 1542 488 1539 490 1539 532 1527 533 1527 536 1527 618 1538 619 1538 658 1530 677 1537 678 1537 680 1537 725 1530 775 1535 777 1535 778 1535 779 1535 799 1523 843 1534 844 1534 845 1534 1084 1531 1164 1527 1166 1527 1195 1515 1197 1515 1251 1528 1253 1528 1310 1527 1312 1527 1343 1513 1344 1513 1354 1513 1440 1517 1441 1517 1527 1510 1531 1510 1552 1520 1554 1520 1555 1520 1556 1520 1583 1508 1583 1493 1580 1455 1535 1455 1534 1455 1532 1455 1531 1455 1482 1471 1461 1459 1459 1459 1458 1459 1457 1459 1417 1473 1324 1473 1292 1462 1291 1462 1289 1462 1288 1462 1240 1475 1206 1462 1204 1461 1202 1461 1201 1461 1199 1461 1197 1462 1164 1476 1110 1471 1108 1471 1045 1478 1024 1471 1022 1471 1021 1471 1020 1471 991 1479 968 1466 966 1466 925 1465 924 1465"/></Shape>
	    <String CONTENT="up the Kingdome of the devil, He said he knew mr Burroughs and"
                    HPOS="238"
                    VPOS="1455"
                    WIDTH="1345"
                    HEIGHT="87"></String>
          </TextLine>

          
          
          <TextLine ID="eSc_line_f1efb903"
                    TAGREFS="LT6"
                    BASELINE="238 1560 1007 1565 1385 1546 1562 1544" 
                    HPOS="237"
                    VPOS="1511"
                    WIDTH="1325"
                    HEIGHT="72">
            <Shape><Polygon POINTS="928 1517 927 1517 925 1517 895 1531 858 1531 834 1517 827 1517 813 1517 799 1517 785 1517 782 1517 748 1531 661 1520 660 1520 658 1520 657 1520 639 1531 599 1523 598 1523 597 1523 576 1531 553 1520 549 1517 547 1517 546 1517 545 1517 536 1520 491 1534 406 1534 379 1524 377 1524 376 1524 328 1532 302 1521 293 1518 292 1518 290 1518 237 1521 238 1560 238 1579 335 1570 382 1577 408 1582 410 1583 495 1583 495 1582 497 1582 511 1576 517 1573 521 1576 526 1580 528 1580 529 1580 531 1580 556 1576 569 1573 573 1575 583 1580 584 1580 585 1580 1107 1572 1171 1577 1173 1577 1233 1566 1239 1566 1244 1566 1273 1572 1274 1572 1275 1572 1287 1566 1291 1565 1443 1565 1464 1573 1465 1573 1466 1573 1561 1562 1562 1544 1558 1511 1468 1513 1466 1513 1414 1527 1354 1520 1353 1520 1295 1527 1230 1514 1229 1514 1129 1514 1128 1514 1126 1514 1125 1514 1079 1527 1058 1518 1056 1518 1055 1518 1014 1521 1013 1521 994 1531 958 1531 930 1517 928 1517"/></Shape>
	    <String CONTENT="Goody How to be such persones, And that he heard a trumpet"
                    HPOS="237"
                    VPOS="1511"
                    WIDTH="1325"
                    HEIGHT="72"></String>
          </TextLine>

          
          
          <TextLine ID="eSc_line_f736462f"
                    TAGREFS="LT6"
                    BASELINE="243 1615 954 1612 1532 1597" 
                    HPOS="241"
                    VPOS="1559"
                    WIDTH="1291"
                    HEIGHT="82">
            <Shape><Polygon POINTS="243 1615 244 1641 289 1626 389 1626 408 1636 410 1636 411 1636 531 1625 574 1634 584 1635 585 1635 587 1635 594 1634 628 1624 657 1632 671 1635 673 1635 674 1635 675 1635 684 1631 696 1625 725 1629 746 1634 747 1634 851 1626 930 1622 949 1625 990 1631 991 1631 993 1631 1022 1624 1027 1622 1028 1624 1041 1629 1042 1629 1043 1629 1045 1629 1063 1622 1070 1619 1076 1622 1093 1629 1094 1629 1095 1629 1202 1628 1389 1615 1428 1612 1441 1614 1500 1621 1502 1621 1503 1621 1532 1611 1532 1597 1528 1570 1413 1576 1405 1572 1386 1559 1385 1559 1384 1559 1382 1559 1320 1566 1124 1562 1122 1562 1121 1562 1119 1562 1095 1577 1088 1582 872 1583 866 1582 841 1570 840 1570 838 1570 837 1570 812 1582 809 1583 800 1583 762 1577 761 1577 703 1584 696 1584 694 1584 650 1572 649 1572 462 1570 460 1570 459 1570 417 1589 351 1572 349 1572 348 1572 241 1591 243 1615"/></Shape>
	    <String CONTENT="sounded at the meeting and thinks it was Burse that did it,"
                    HPOS="241"
                    VPOS="1559"
                    WIDTH="1291"
                    HEIGHT="82"></String>
          </TextLine>

          
          
          <TextLine ID="eSc_line_648a1c58"
                    TAGREFS="LT6"
                    BASELINE="230 1666 1000 1662 1582 1642" 
                    HPOS="229"
                    VPOS="1604"
                    WIDTH="1353"
                    HEIGHT="87">
            <Shape><Polygon POINTS="230 1666 230 1691 320 1677 446 1687 477 1688 479 1688 480 1688 486 1686 498 1680 531 1684 549 1687 550 1687 552 1687 560 1684 588 1673 688 1681 733 1684 734 1684 736 1684 746 1680 757 1674 788 1678 821 1683 823 1683 855 1677 899 1669 956 1674 1011 1680 1013 1680 1195 1677 1197 1677 1232 1667 1253 1662 1582 1659 1582 1642 1577 1612 1541 1617 1532 1612 1513 1604 1511 1604 1510 1604 1457 1614 1430 1619 1421 1615 1410 1610 1409 1610 1407 1610 1406 1610 1405 1610 1396 1615 1389 1619 1379 1617 1354 1607 1353 1607 1305 1607 1303 1607 1302 1607 1278 1617 1213 1612 1212 1612 1211 1612 1209 1612 1198 1619 1188 1625 1145 1621 1114 1618 1112 1618 1111 1618 1094 1622 1076 1626 1062 1622 1036 1615 1035 1615 1034 1615 1032 1615 1031 1615 1020 1624 1013 1628 977 1625 893 1615 892 1615 890 1615 889 1615 872 1626 866 1631 823 1631 816 1628 803 1619 802 1619 800 1619 799 1619 798 1619 775 1629 769 1632 667 1634 644 1632 540 1619 539 1619 481 1626 435 1621 434 1621 432 1621 431 1621 410 1634 320 1622 318 1622 262 1624 261 1624 229 1638 230 1666"/></Shape>
	    <String CONTENT="The sound is heard many myles off, And then they all come one efter"
                    HPOS="229"
                    VPOS="1604"
                    WIDTH="1353"
                    HEIGHT="87"></String>
          </TextLine>

          
          
          <TextLine ID="eSc_line_424e0839"
                    TAGREFS="LT6"
                    BASELINE="234 1708 973 1711 1400 1694 1593 1693" 
                    HPOS="233"
                    VPOS="1659"
                    WIDTH="1360"
                    HEIGHT="73">
            <Shape><Polygon POINTS="864 1663 862 1663 861 1663 833 1677 824 1681 803 1677 748 1667 747 1667 746 1667 729 1676 687 1670 685 1670 644 1680 629 1683 577 1680 481 1676 480 1676 424 1683 407 1684 404 1683 376 1669 375 1669 304 1667 303 1667 302 1667 233 1684 234 1708 236 1732 271 1721 328 1730 331 1730 333 1730 337 1730 434 1718 488 1728 497 1729 498 1729 531 1728 633 1721 709 1725 798 1729 799 1729 800 1729 826 1722 838 1719 850 1722 866 1728 868 1728 869 1729 983 1729 983 1728 984 1728 986 1728 997 1719 999 1719 1000 1719 1027 1728 1028 1728 1029 1728 1157 1719 1223 1726 1225 1726 1275 1715 1291 1711 1502 1711 1509 1711 1556 1719 1558 1719 1559 1719 1593 1709 1593 1693 1587 1667 1566 1676 1527 1667 1482 1659 1480 1659 1358 1660 1357 1660 1319 1670 1315 1671 1312 1670 1287 1660 1285 1660 1284 1660 1206 1662 1205 1662 1183 1673 1169 1680 1108 1680 1093 1674 1062 1663 1060 1663 1059 1663 959 1676 920 1680 906 1676 865 1663 864 1663"/></Shape>
	    <String CONTENT="another -- In the spring of the yeare the witches came"
                    HPOS="233"
                    VPOS="1659"
                    WIDTH="1360"
                    HEIGHT="73"></String>
          </TextLine>

          
          
          <TextLine ID="eSc_line_c0e5e6a8"
                    TAGREFS="LT6"
                    BASELINE="231 1754 899 1760 1398 1746 1590 1747" 
                    HPOS="231"
                    VPOS="1709"
                    WIDTH="1359"
                    HEIGHT="72">
            <Shape><Polygon POINTS="989 1711 987 1711 975 1716 959 1725 916 1725 873 1718 834 1712 833 1712 784 1719 747 1726 583 1726 577 1722 557 1714 556 1714 555 1714 553 1714 532 1722 467 1714 466 1714 465 1714 445 1723 442 1726 386 1726 380 1725 348 1714 347 1714 345 1714 344 1714 314 1726 311 1728 231 1728 231 1754 231 1780 297 1767 334 1775 335 1775 337 1775 469 1768 569 1780 591 1781 592 1781 633 1778 715 1774 793 1778 823 1780 824 1780 836 1778 880 1771 1069 1777 1145 1780 1146 1780 1147 1780 1157 1777 1204 1766 1309 1774 1310 1774 1312 1774 1334 1763 1546 1763 1586 1775 1590 1747 1589 1709 1330 1709 1329 1709 1327 1709 1320 1712 1301 1722 1278 1712 1268 1709 1267 1709 1265 1709 1264 1709 1256 1714 1235 1723 1129 1715 1107 1714 1105 1714 1093 1715 1045 1723 1015 1716 990 1711 989 1711"/></Shape>
	    <String CONTENT="from Connecticut to afflict at Salem Village but now they have left it off"
                    HPOS="231"
                    VPOS="1709"
                    WIDTH="1359"
                    HEIGHT="72"></String>
          </TextLine>

          
          
          <TextLine ID="eSc_line_b43144ea"
                    TAGREFS="LT6"
                    BASELINE="227 1802 720 1811 1090 1808 1378 1795 1594 1798" 
                    HPOS="227"
                    VPOS="1760"
                    WIDTH="1367"
                    HEIGHT="72">
            <Shape><Polygon POINTS="882 1760 880 1760 848 1766 814 1773 760 1767 712 1761 710 1761 709 1761 698 1767 685 1774 547 1774 529 1768 504 1760 503 1760 268 1760 266 1760 227 1768 227 1802 227 1815 358 1815 362 1815 401 1825 403 1825 444 1816 570 1830 571 1830 629 1822 651 1830 653 1830 654 1830 786 1827 788 1827 806 1820 838 1830 840 1830 841 1830 958 1822 977 1829 979 1829 980 1829 1060 1822 1074 1830 1076 1830 1077 1830 1079 1832 1157 1832 1157 1830 1159 1830 1222 1815 1275 1827 1277 1827 1278 1827 1323 1813 1324 1813 1593 1813 1594 1798 1590 1763 1554 1773 1509 1766 1507 1766 1461 1773 1445 1763 1441 1760 1440 1760 1438 1760 1437 1760 1372 1763 1284 1768 1244 1764 1206 1760 1205 1760 1204 1760 1194 1764 1180 1771 1100 1771 1058 1766 1015 1760 1014 1760 1013 1760 996 1766 972 1774 925 1774 903 1766 883 1760 882 1760"/></Shape>
	    <String CONTENT="And that he hes been informed by some of the grandees that there is about"
                    HPOS="227"
                    VPOS="1760"
                    WIDTH="1367"
                    HEIGHT="72"></String>
          </TextLine>

          
          
          <TextLine ID="eSc_line_cf133164"
                    TAGREFS="LT6"
                    BASELINE="300 1827 358 1827" 
                    HPOS="300"
                    VPOS="1806"
                    WIDTH="58"
                    HEIGHT="37">
            <Shape><Polygon POINTS="300 1827 300 1840 356 1843 358 1827 356 1806 300 1808 300 1827"/></Shape>
	    <String CONTENT=""
                    HPOS="300"
                    VPOS="1806"
                    WIDTH="58"
                    HEIGHT="37"></String>
          </TextLine>

          
          
          <TextLine ID="eSc_line_5aa612f1"
                    TAGREFS="LT6"
                    BASELINE="236 1853 1548 1846" 
                    HPOS="234"
                    VPOS="1808"
                    WIDTH="1314"
                    HEIGHT="66">
            <Shape><Polygon POINTS="868 1811 866 1811 865 1811 861 1813 843 1825 814 1813 806 1811 805 1811 803 1811 758 1813 734 1816 733 1816 732 1816 716 1827 585 1827 557 1813 556 1813 555 1813 507 1812 505 1812 504 1812 500 1813 470 1827 415 1815 414 1815 413 1815 387 1829 347 1829 333 1829 318 1829 304 1829 297 1829 234 1815 236 1853 236 1871 331 1864 383 1870 417 1874 418 1874 420 1874 435 1870 455 1864 470 1870 483 1874 484 1874 486 1874 522 1868 564 1863 682 1863 688 1867 696 1872 698 1872 699 1872 701 1872 743 1867 769 1863 778 1865 789 1871 791 1871 792 1871 1184 1870 1185 1870 1187 1870 1199 1861 1205 1861 1273 1870 1274 1870 1275 1870 1295 1860 1299 1858 1333 1860 1473 1868 1475 1868 1546 1857 1548 1846 1545 1813 1292 1808 1291 1808 1289 1808 1274 1813 1243 1823 1212 1813 1211 1813 1209 1813 1208 1813 1170 1823 1112 1816 1111 1816 1110 1816 1084 1823 1067 1813 1063 1811 1062 1811 1060 1811 1059 1811 1038 1813 963 1825 890 1813 869 1811 868 1811"/></Shape>
	    <String CONTENT="307 witches in the country, -- He sayth the witches are much disturbed"
                    HPOS="234"
                    VPOS="1808"
                    WIDTH="1314"
                    HEIGHT="66"></String>
          </TextLine>

          
          
          <TextLine ID="eSc_line_9dc43b40"
                    TAGREFS="LT6"
                    BASELINE="234 1891 753 1903 1549 1892" 
                    HPOS="234"
                    VPOS="1853"
                    WIDTH="1315"
                    HEIGHT="70">
            <Shape><Polygon POINTS="234 1912 540 1912 543 1912 594 1923 595 1923 597 1923 626 1912 628 1912 630 1912 701 1920 702 1920 703 1920 720 1912 767 1922 768 1922 1006 1920 1007 1920 1034 1912 1067 1922 1069 1922 1070 1923 1191 1923 1191 1922 1256 1912 1289 1922 1291 1922 1292 1922 1381 1910 1392 1909 1396 1910 1426 1920 1427 1920 1428 1920 1548 1909 1549 1892 1546 1856 1492 1853 1490 1853 1489 1853 1483 1856 1458 1868 1428 1868 1396 1856 1389 1853 1388 1853 1292 1853 1291 1853 1289 1853 1282 1856 1256 1868 1236 1856 1235 1854 1233 1854 1232 1854 1230 1854 1229 1854 1223 1856 1195 1867 1169 1861 1167 1861 1166 1861 1146 1868 1125 1858 1124 1858 1122 1858 1121 1858 1101 1870 934 1870 902 1858 900 1858 899 1858 840 1860 838 1860 837 1860 824 1868 792 1857 781 1854 779 1854 778 1854 777 1854 762 1857 715 1870 668 1858 658 1856 657 1856 656 1856 654 1856 649 1858 621 1871 547 1871 522 1858 518 1857 517 1857 515 1857 505 1858 480 1863 453 1858 431 1856 429 1856 428 1856 427 1856 422 1858 413 1864 379 1858 355 1856 285 1856 283 1856 282 1856 272 1860 257 1865 236 1860 234 1891 234 1912"/></Shape>
	    <String CONTENT="with the afflicted persones because they are discovered by them, They"
                    HPOS="234"
                    VPOS="1853"
                    WIDTH="1315"
                    HEIGHT="70"></String>
          </TextLine>

          
          
          <TextLine ID="eSc_line_5582fe4c"
                    TAGREFS="LT6"
                    BASELINE="234 1931 795 1948 1561 1945" 
                    HPOS="233"
                    VPOS="1898"
                    WIDTH="1328"
                    HEIGHT="73">
            <Shape><Polygon POINTS="670 1902 658 1902 653 1905 649 1907 644 1905 639 1900 628 1900 625 1900 608 1905 577 1912 555 1903 542 1899 540 1899 539 1899 538 1899 528 1903 510 1912 469 1912 448 1902 438 1898 436 1898 435 1898 234 1898 234 1931 233 1948 334 1959 335 1959 380 1951 490 1959 491 1959 521 1954 543 1962 545 1962 546 1962 629 1955 695 1965 696 1965 871 1959 968 1967 969 1967 1014 1957 1146 1968 1147 1968 1149 1968 1170 1958 1216 1967 1218 1967 1219 1967 1251 1958 1372 1958 1379 1958 1398 1971 1399 1971 1400 1971 1402 1971 1559 1958 1561 1945 1559 1920 1483 1920 1482 1919 1458 1906 1457 1906 1455 1906 1454 1906 1434 1916 1386 1905 1385 1905 1295 1916 1274 1917 1265 1915 1240 1905 1239 1905 1237 1905 1131 1906 1129 1906 1114 1912 1110 1915 1107 1912 1095 1905 1094 1905 1093 1905 1091 1905 1090 1905 1069 1910 1031 1902 1029 1902 1028 1902 1003 1910 1000 1912 997 1910 987 1906 986 1906 984 1906 983 1906 973 1910 961 1916 869 1916 732 1915 692 1906 671 1902 670 1902"/></Shape>
	    <String CONTENT="curse the judges because their Society is brought under, They wold"
                    HPOS="233"
                    VPOS="1898"
                    WIDTH="1328"
                    HEIGHT="73"></String>
          </TextLine>

          
          
          <TextLine ID="eSc_line_353f8f8f"
                    TAGREFS="LT6"
                    BASELINE="236 1986 577 1999 1566 1999" 
                    HPOS="236"
                    VPOS="1947"
                    WIDTH="1330"
                    HEIGHT="76">
            <Shape><Polygon POINTS="236 1986 236 2010 432 2006 444 2010 463 2018 465 2018 658 2020 660 2020 717 2011 831 2016 833 2016 834 2016 855 2010 862 2009 869 2010 899 2018 900 2018 902 2018 989 2010 993 2010 994 2010 1025 2020 1027 2020 1028 2020 1088 2013 1117 2021 1118 2021 1119 2021 1187 2016 1212 2023 1213 2023 1215 2023 1216 2023 1236 2013 1405 2017 1406 2017 1486 2010 1500 2017 1502 2017 1503 2017 1565 2009 1566 1999 1563 1951 1447 1961 1424 1951 1423 1951 1421 1951 1420 1951 1419 1951 1405 1959 1347 1958 1346 1958 1344 1958 1308 1969 1251 1957 1250 1957 1249 1957 1221 1969 1178 1950 1177 1950 1176 1950 1174 1950 1108 1968 1036 1952 1035 1952 1034 1952 984 1969 859 1969 837 1957 836 1957 834 1957 833 1957 793 1968 684 1968 642 1948 640 1948 639 1948 637 1948 592 1968 545 1968 517 1957 515 1957 514 1957 512 1957 500 1961 477 1947 476 1947 474 1947 236 1947 236 1986"/></Shape>
	    <String CONTENT="have the afflicted persones count ed as witches But he thinks the"
                    HPOS="236"
                    VPOS="1947"
                    WIDTH="1330"
                    HEIGHT="76"></String>
          </TextLine>

          
          
          <TextLine ID="eSc_line_3774b579"
                    TAGREFS="LT6"
                    BASELINE="237 2038 532 2048 1583 2045" 
                    HPOS="237"
                    VPOS="2000"
                    WIDTH="1346"
                    HEIGHT="70">
            <Shape><Polygon POINTS="1323 2000 1322 2000 1317 2002 1291 2014 1246 2003 1244 2003 1243 2003 1242 2003 1202 2020 1160 2020 1145 2009 1143 2009 1142 2009 1140 2009 1139 2009 1108 2020 1039 2020 1018 2006 1017 2006 1015 2006 944 2002 918 2000 917 2000 916 2000 914 2002 880 2020 836 2020 809 2006 807 2006 806 2006 805 2006 769 2018 692 2018 671 2007 670 2007 668 2007 667 2007 633 2020 458 2020 425 2003 424 2003 237 2000 237 2038 237 2055 372 2055 376 2056 397 2068 399 2068 400 2068 401 2068 432 2056 434 2056 438 2056 542 2069 543 2069 545 2069 574 2062 592 2069 594 2069 595 2069 597 2069 629 2056 636 2055 650 2056 688 2063 689 2063 719 2058 725 2056 730 2058 758 2065 760 2065 761 2065 809 2061 845 2069 847 2069 848 2070 1013 2070 1013 2069 1087 2059 1121 2065 1122 2065 1124 2065 1140 2059 1143 2058 1149 2059 1206 2069 1208 2069 1256 2059 1264 2058 1271 2059 1308 2066 1309 2066 1376 2059 1420 2055 1437 2059 1451 2063 1452 2063 1454 2063 1475 2059 1492 2056 1497 2059 1511 2069 1513 2069 1514 2069 1516 2069 1517 2069 1534 2059 1537 2059 1580 2059 1583 2045 1580 2003 1324 2000 1323 2000"/></Shape>
	    <String CONTENT="afflicted persones are Innocent &amp; that they doe god good service And"
                    HPOS="237"
                    VPOS="2000"
                    WIDTH="1346"
                    HEIGHT="70"></String>
          </TextLine>

          
          
          <TextLine ID="eSc_line_049547b4"
                    TAGREFS="LT6"
                    BASELINE="234 2093 963 2100 1561 2089" 
                    HPOS="234"
                    VPOS="2049"
                    WIDTH="1327"
                    HEIGHT="68">
            <Shape><Polygon POINTS="234 2108 855 2117 857 2117 858 2117 886 2108 900 2115 902 2115 1003 2117 1004 2117 1006 2117 1007 2117 1020 2107 1021 2107 1028 2107 1095 2115 1097 2115 1195 2107 1202 2107 1208 2107 1271 2115 1273 2115 1274 2115 1308 2107 1309 2107 1409 2107 1410 2107 1423 2115 1424 2115 1426 2115 1427 2117 1471 2117 1471 2115 1472 2115 1473 2115 1486 2107 1487 2107 1559 2107 1561 2089 1558 2062 1516 2061 1499 2049 1497 2049 1496 2049 1495 2049 1493 2049 1465 2061 1464 2061 1440 2049 1438 2049 1322 2049 1320 2049 1319 2049 1306 2056 1292 2049 1291 2049 1289 2049 1288 2049 1267 2059 1261 2061 1176 2061 1174 2061 1173 2061 1150 2069 1065 2058 1035 2054 1034 2054 1032 2054 1031 2054 1027 2056 1003 2072 869 2072 820 2055 810 2052 809 2052 807 2052 806 2052 798 2055 748 2072 614 2072 580 2054 576 2051 574 2051 573 2051 571 2051 563 2052 508 2068 470 2052 466 2051 465 2051 347 2051 345 2051 344 2051 342 2051 316 2061 297 2051 296 2051 234 2051 234 2093 234 2108"/></Shape>
	    <String CONTENT="that he hes not known or heard of one Innocent persone taken"
                    HPOS="234"
                    VPOS="2049"
                    WIDTH="1327"
                    HEIGHT="68"></String>
          </TextLine>

          
          
          <TextLine ID="eSc_line_e8e253e2"
                    TAGREFS="LT6"
                    BASELINE="238 2137 879 2149 1570 2138" 
                    HPOS="237"
                    VPOS="2100"
                    WIDTH="1333"
                    HEIGHT="66">
            <Shape><Polygon POINTS="1022 2100 1021 2100 1014 2103 973 2118 878 2118 831 2103 830 2103 829 2103 827 2103 799 2118 661 2118 588 2103 576 2100 574 2100 573 2100 567 2103 529 2117 470 2108 469 2108 467 2108 448 2117 414 2103 413 2103 411 2103 317 2111 238 2103 238 2137 237 2155 333 2160 334 2160 369 2155 383 2153 396 2155 428 2160 429 2160 431 2160 444 2155 449 2153 456 2155 484 2163 486 2163 595 2165 597 2165 598 2165 626 2155 632 2153 768 2153 778 2155 837 2163 838 2163 840 2163 858 2156 921 2165 923 2166 1332 2166 1332 2165 1393 2153 1395 2153 1448 2163 1450 2163 1451 2163 1483 2153 1569 2153 1570 2138 1568 2103 1507 2100 1506 2100 1504 2100 1497 2103 1459 2115 1417 2115 1393 2103 1389 2100 1388 2100 1308 2100 1306 2100 1305 2100 1296 2103 1247 2117 1225 2103 1222 2100 1221 2100 1219 2100 1218 2100 1202 2103 1150 2111 1052 2103 1024 2100 1022 2100"/></Shape>
	    <String CONTENT="up &amp; put in prisone -- He saith he is heartily sorry for"
                    HPOS="237"
                    VPOS="2100"
                    WIDTH="1333"
                    HEIGHT="66"></String>
          </TextLine>

          
          
          <TextLine ID="eSc_line_2141ab36"
                    TAGREFS="LT6"
                    BASELINE="238 2177 442 2188 913 2196 1561 2188" 
                    HPOS="237"
                    VPOS="2148"
                    WIDTH="1324"
                    HEIGHT="67">
            <Shape><Polygon POINTS="851 2149 850 2149 841 2152 805 2163 785 2151 782 2149 781 2149 779 2149 743 2149 741 2149 727 2151 650 2163 618 2153 616 2153 615 2153 557 2162 514 2149 508 2148 507 2148 434 2148 432 2148 431 2148 427 2149 375 2162 327 2148 325 2148 324 2148 238 2148 238 2177 237 2200 562 2201 647 2214 649 2214 734 2203 907 2214 909 2215 1043 2215 1043 2214 1114 2204 1209 2214 1211 2215 1308 2215 1308 2214 1309 2214 1326 2205 1375 2212 1376 2212 1426 2203 1517 2214 1518 2214 1520 2214 1559 2201 1561 2188 1558 2158 1504 2149 1503 2149 1502 2149 1478 2156 1454 2163 1433 2156 1420 2152 1419 2152 1417 2152 1416 2152 1403 2156 1395 2158 1385 2156 1353 2149 1351 2149 1350 2149 1348 2149 1340 2155 1326 2165 1260 2165 1185 2155 1143 2149 1142 2149 1140 2149 1129 2153 1107 2163 1029 2156 1028 2156 918 2163 866 2152 852 2149 851 2149"/></Shape>
	    <String CONTENT="what he has done and for hurting the afflicted persones his"
                    HPOS="237"
                    VPOS="2148"
                    WIDTH="1324"
                    HEIGHT="67"></String>
          </TextLine>

          
          
          <TextLine ID="eSc_line_d6f0f7bd"
                    TAGREFS="LT6"
                    BASELINE="238 2224 434 2239 1132 2245 1569 2231" 
                    HPOS="237"
                    VPOS="2194"
                    WIDTH="1332"
                    HEIGHT="72">
            <Shape><Polygon POINTS="238 2224 237 2245 406 2256 407 2256 408 2256 441 2248 462 2259 463 2259 465 2259 501 2252 526 2264 528 2264 529 2264 585 2253 685 2260 687 2260 688 2260 689 2260 706 2249 785 2264 786 2266 980 2266 980 2264 1029 2253 1091 2264 1093 2264 1094 2264 1118 2256 1138 2264 1139 2264 1140 2266 1280 2266 1280 2264 1281 2264 1302 2253 1333 2264 1334 2264 1336 2264 1337 2264 1395 2248 1568 2248 1569 2231 1565 2196 1459 2205 1391 2196 1389 2196 1388 2196 1386 2196 1361 2212 1128 2212 1105 2197 1104 2197 1102 2197 1101 2197 1056 2205 983 2200 982 2200 980 2200 961 2211 940 2197 938 2197 937 2197 935 2197 934 2197 895 2210 774 2196 772 2196 668 2211 623 2197 622 2197 621 2197 619 2197 584 2211 505 2211 414 2207 390 2196 389 2196 238 2194 238 2224"/></Shape>
	    <String CONTENT="accuse&#x27;rs, prayes their forgiveness, desyres praye&#x27;rs for himself,"
                    HPOS="237"
                    VPOS="2194"
                    WIDTH="1332"
                    HEIGHT="72"></String>
          </TextLine>

          
          
          <TextLine ID="eSc_line_53fa2a0a"
                    TAGREFS="LT6"
                    BASELINE="236 2278 533 2288 1561 2287" 
                    HPOS="236"
                    VPOS="2249"
                    WIDTH="1325"
                    HEIGHT="60">
            <Shape><Polygon POINTS="236 2278 236 2297 313 2297 314 2297 333 2307 334 2307 335 2307 474 2297 477 2297 479 2297 566 2308 567 2309 695 2309 695 2308 743 2298 765 2308 767 2308 768 2308 829 2298 868 2298 888 2308 889 2308 890 2308 1063 2299 1088 2308 1090 2308 1091 2308 1260 2299 1340 2308 1341 2308 1343 2308 1372 2298 1405 2308 1406 2308 1407 2308 1462 2298 1506 2305 1507 2305 1559 2297 1561 2287 1556 2256 1332 2263 1303 2255 1289 2250 1288 2250 1287 2250 1285 2250 1271 2255 1243 2264 1162 2264 1136 2255 1126 2250 1125 2250 1043 2250 1042 2250 1025 2253 982 2263 948 2253 937 2250 935 2250 934 2250 932 2250 923 2253 904 2259 879 2253 864 2250 862 2250 861 2250 855 2253 843 2260 806 2256 805 2256 803 2256 778 2263 760 2253 757 2252 755 2252 689 2250 688 2250 687 2250 681 2253 656 2264 532 2264 517 2256 515 2256 514 2256 429 2262 407 2252 401 2249 400 2249 399 2249 236 2250 236 2278"/></Shape>
	    <String CONTENT="promises to renounce the devil and all his works, And then"
                    HPOS="236"
                    VPOS="2249"
                    WIDTH="1325"
                    HEIGHT="60"></String>
          </TextLine>

          
          
          <TextLine ID="eSc_line_1f71e058"
                    TAGREFS="LT6"
                    BASELINE="229 2328 993 2343 1545 2337" 
                    HPOS="227"
                    VPOS="2285"
                    WIDTH="1318"
                    HEIGHT="85">
            <Shape><Polygon POINTS="229 2328 227 2343 258 2351 259 2351 261 2351 297 2346 324 2356 325 2356 327 2356 328 2356 358 2347 420 2347 618 2347 622 2350 636 2357 637 2357 639 2357 668 2351 682 2349 689 2351 713 2363 715 2363 716 2363 826 2356 840 2364 841 2364 843 2364 844 2366 940 2366 940 2364 941 2364 962 2356 963 2356 976 2366 977 2366 979 2366 980 2367 1020 2367 1020 2366 1021 2366 1036 2357 1046 2353 1072 2358 1114 2367 1115 2368 1226 2368 1226 2367 1228 2367 1243 2361 1257 2356 1271 2361 1275 2363 1277 2363 1278 2363 1296 2361 1381 2356 1395 2364 1403 2370 1405 2370 1406 2370 1407 2370 1544 2366 1545 2337 1541 2311 1301 2311 1278 2305 1243 2295 1242 2295 1240 2295 1239 2295 1237 2295 1225 2304 1219 2308 1140 2309 1111 2302 1083 2294 1081 2294 1080 2294 1001 2299 910 2307 895 2298 888 2292 886 2292 885 2292 826 2291 720 2291 719 2291 717 2291 706 2294 687 2299 674 2294 671 2292 670 2292 668 2292 667 2292 666 2292 642 2305 591 2305 578 2295 577 2295 576 2295 574 2295 515 2298 481 2290 476 2288 474 2288 473 2288 465 2290 434 2295 392 2288 390 2288 389 2288 387 2288 386 2288 366 2302 344 2302 318 2287 317 2287 316 2287 229 2285 229 2328"/></Shape>
	    <String CONTENT="he could take them all by the hand without any harme by his"
                    HPOS="227"
                    VPOS="2285"
                    WIDTH="1318"
                    HEIGHT="85"></String>
          </TextLine>

          
          
          <TextLine ID="eSc_line_3a5c045d"
                    TAGREFS="LT6"
                    BASELINE="255 2374 708 2384" 
                    HPOS="254"
                    VPOS="2336"
                    WIDTH="454"
                    HEIGHT="66">
            <Shape><Polygon POINTS="255 2374 254 2381 320 2392 321 2392 323 2392 338 2385 352 2394 354 2394 355 2394 356 2394 404 2387 448 2398 449 2398 451 2398 452 2398 481 2388 522 2399 524 2399 525 2399 630 2395 642 2402 643 2402 644 2402 646 2402 706 2391 708 2384 708 2350 623 2342 622 2342 621 2342 606 2347 591 2353 571 2346 557 2340 556 2340 555 2340 553 2340 552 2340 545 2344 528 2354 451 2354 384 2340 359 2336 358 2336 356 2336 355 2336 351 2339 337 2350 321 2339 320 2339 318 2339 255 2337 255 2374"/></Shape>
	    <String CONTENT="eye or any otherwise"
                    HPOS="254"
                    VPOS="2336"
                    WIDTH="454"
                    HEIGHT="66"></String>
          </TextLine>

          
          
          <TextLine ID="eSc_line_7ddbc4b3"
                    TAGREFS="LT6"
                    BASELINE="1237 2412 1548 2410" 
                    HPOS="1236"
                    VPOS="2363"
                    WIDTH="312"
                    HEIGHT="73">
            <Shape><Polygon POINTS="1237 2412 1237 2423 1443 2436 1444 2436 1471 2430 1503 2423 1545 2432 1548 2410 1545 2373 1426 2363 1424 2363 1423 2363 1421 2363 1407 2373 1357 2373 1326 2363 1324 2363 1323 2363 1322 2363 1305 2371 1282 2364 1281 2364 1280 2364 1236 2373 1237 2412"/></Shape>
	    <String CONTENT="William Barker"
                    HPOS="1236"
                    VPOS="2363"
                    WIDTH="312"
                    HEIGHT="73"></String>
          </TextLine>

          
          
          <TextLine ID="eSc_line_f6b3c0c2"
                    TAGREFS="LT6"
                    BASELINE="105 2428 666 2427 907 2419 1138 2420 1226 2413" 
                    HPOS="101"
                    VPOS="2366"
                    WIDTH="1124"
                    HEIGHT="131">
            <Shape><Polygon POINTS="691 2383 670 2383 651 2383 596 2394 537 2394 504 2379 502 2379 480 2379 464 2379 421 2392 373 2379 371 2379 369 2379 367 2379 312 2394 284 2379 278 2377 276 2377 274 2377 151 2381 143 2383 122 2387 101 2392 103 2427 103 2484 314 2484 316 2484 326 2495 326 2497 329 2497 331 2497 333 2497 335 2497 377 2484 398 2480 451 2486 529 2495 531 2495 594 2486 622 2484 653 2486 723 2495 725 2495 727 2495 729 2495 738 2488 750 2480 784 2488 814 2495 816 2495 818 2495 820 2495 826 2488 835 2484 1221 2491 1225 2410 1219 2366 1107 2368 1105 2368 1058 2387 934 2375 932 2375 930 2375 888 2389 772 2379 769 2379 719 2389 704 2377 704 2375 702 2375 700 2375 698 2375 693 2375 691 2383"/></Shape>
	    <String CONTENT="5.7:92 the above Said is the Truth as wittnese my hand:"
                    HPOS="101"
                    VPOS="2366"
                    WIDTH="1124"
                    HEIGHT="131"></String>
          </TextLine>

          
          
          <TextLine ID="eSc_line_031f1933"
                    
                    BASELINE="1011 102 1063 102" 
                    HPOS="1010"
                    VPOS="61"
                    WIDTH="51"
                    HEIGHT="48">
            <Shape><Polygon POINTS="1010 101 1010 109 1061 107 1061 101 1061 61 1010 61 1010 101"/></Shape>
	    <String CONTENT="39"
                    HPOS="1010"
                    VPOS="61"
                    WIDTH="51"
                    HEIGHT="48"></String>
          </TextLine>

          
          
          <TextLine ID="eSc_line_7141dae6"
                    
                    BASELINE="99 1031 104 1358" 
                    HPOS="31"
                    VPOS="1028"
                    WIDTH="129"
                    HEIGHT="329">
            <Shape><Polygon POINTS="97 1030 31 1030 35 1357 103 1357 145 1355 160 1310 160 1308 160 1306 156 1146 156 1144 149 1127 143 1112 147 1028 97 1030"/></Shape>
	    <String CONTENT="on the back Side"
                    HPOS="31"
                    VPOS="1028"
                    WIDTH="129"
                    HEIGHT="329"></String>
          </TextLine>

          
          
          <TextLine ID="eSc_line_0da617ee"
                    
                    BASELINE="69 208 189 195" 
                    HPOS="61"
                    VPOS="162"
                    WIDTH="126"
                    HEIGHT="57">
            <Shape><Polygon POINTS="67 206 67 219 185 202 187 193 181 162 61 170 67 206"/></Shape>
	    <String CONTENT="Coram"
                    HPOS="61"
                    VPOS="162"
                    WIDTH="126"
                    HEIGHT="57"></String>
          </TextLine>

          
          
          <TextLine ID="eSc_line_df9bac2a"
                    
                    BASELINE="73 238 204 225" 
                    HPOS="67"
                    VPOS="185"
                    WIDTH="137"
                    HEIGHT="86">
            <Shape><Polygon POINTS="151 198 130 200 109 202 88 202 67 206 71 236 73 271 204 265 202 223 196 185 172 187 172 195"/></Shape>
	    <String CONTENT="Mag&#x27;r Gidney"
                    HPOS="67"
                    VPOS="185"
                    WIDTH="137"
                    HEIGHT="86"></String>
          </TextLine>

          
          
          <TextLine ID="eSc_line_dc99380c"
                    
                    BASELINE="74 267 208 258" 
                    HPOS="71"
                    VPOS="223"
                    WIDTH="135"
                    HEIGHT="46">
            <Shape><Polygon POINTS="196 225 175 227 156 229 135 231 113 233 92 236 71 236 73 265 73 269 204 267 206 257 200 223 196 225"/></Shape>
	    <String CONTENT="m&#x27;r hathorn"
                    HPOS="71"
                    VPOS="223"
                    WIDTH="135"
                    HEIGHT="46"></String>
          </TextLine>

          
          
          <TextLine ID="eSc_line_4c66c85c"
                    
                    BASELINE="72 294 197 288" 
                    HPOS="67"
                    VPOS="255"
                    WIDTH="129"
                    HEIGHT="56">
            <Shape><Polygon POINTS="175 259 153 261 132 263 111 263 90 265 84 255 67 255 71 292 71 311 194 303 196 286 189 259 175 259"/></Shape>
	    <String CONTENT="m&#x27;r Corwin"
                    HPOS="67"
                    VPOS="255"
                    WIDTH="129"
                    HEIGHT="56"></String>
          </TextLine>

          
          
          <TextLine ID="eSc_line_639b7aff"
                    
                    BASELINE="74 331 258 323" 
                    HPOS="71"
                    VPOS="288"
                    WIDTH="186"
                    HEIGHT="112">
            <Shape><Polygon POINTS="240 292 219 292 210 290 162 288 156 288 135 290 113 290 92 290 71 299 73 330 75 400 126 400 128 400 232 360 242 337 251 337 257 322 253 292 240 292"/></Shape>
	    <String CONTENT="Cap&#x27;t higginson"
                    HPOS="71"
                    VPOS="288"
                    WIDTH="186"
                    HEIGHT="112"></String>
          </TextLine>

          
        </TextBlock>
        

        
      </PrintSpace>
    </Page>
  </Layout>
</alto>
