2404 1165
127 116 1971 103 Province of the Massatutchetts Anno RR's & Reginae Gulielmi & Mariae Angliae &c Quarto

162 207 578 66 Bay in New England Essex

780 205 515 58 Annoq'e. Dom : 1692

659 253 1399 75 The Jurors for our Sov'r Lord & Lady the King & Queen Presents

279 274 2016 148 That Richard Carier of Andvor in the County of Essex Son of Andrew Carier of Andivor

305 358 1948 133 aforesaid Husbandman Sometime in the month of June in the Yeare 1692

305 488 223 54 aforesaid

260 453 2040 126 And Divers other Dayes and times as well before as after Certaine Detestable Arts called

281 560 770 76 Witchcrafts & Sorceries Wickedly

1075 503 1224 103 Mallishiously & felloniously hath Used Practised and -

281 574 2024 140 Excercised at & in the Towne of Andivor in the County of Essex afores'd upon & against

1655 637 664 74 - by which wicked arts the: said

299 699 996 80 one Timothy Swann of Andover aforesaid

1430 730 467 75 and Divers other

1932 723 131 54 Days

2098 717 188 52 and times

310 765 1172 97 timothy Swan - the Day and year afores'd:

311 832 1266 92 as after, was and is Tortured Afflicted

1577 775 722 97 Tormented Consumed Pined and

310 835 1967 180 wasted against the Peace of our Sovereigne Lord and Lady the King & Queen their

311 946 1595 138 Crowne & Dignity and the Lawes in that Case made and Provided
