2394 1330
1931 44 75 57 33

226 106 2009 126 The deposistion of benjamine Hutchinson who testifieth and saith that

179 172 2099 136 my wife was much affleted presently affter the last exeicution w'h

183 241 2089 135 violent paines in hir head and teeth and al parts of hir body but

181 314 2058 139 on sabath day was three fortnight in the morning she being in such

919 410 94 58 she

188 384 2066 163 excescive mesiry that said she beleved that that had an evell

171 479 2139 128 hand upon hir whereupon I went: to Mary Walcott one of our next

185 543 2105 129 neighbors to come and look to se if she could se any body upon hir

89 574 2219 161 and as soon as she came into the house she said that our Two neigh

150 637 2155 167 sarah Buckly and mary witheridge were upon my wife: and Immediatly

179 702 2129 160 my wife had ease and Mary Walcott was tomented: where upon I went dow

178 801 2152 142 to the shrieff and desired him to take sume course with thos women

174 850 2160 175 that they might not have souch power to torment: and presently he ordor

165 884 2144 201 ed them to be fettered and ever sence that my wife has ben tolorable

188 957 2140 179 well and I beleve in my hart that sarah Buckly and mary witheridge

190 1036 1756 173 has hurt my wife and severall others by acts of wicthcraft

2072 1163 167 83 1692

240 1044 2071 223 Benjamin Huchenson owned the above written Evidence to be the

1070 1118 1200 134 truth upon Oath before the grand inquest 15-7
