<?xml version="1.0" encoding="UTF-8"?>
<alto xmlns:xsi="http://www.w3.org/2001/XMLSchema-instance"
      xmlns="http://www.loc.gov/standards/alto/ns-v4#"
      xsi:schemaLocation="http://www.loc.gov/standards/alto/ns-v4# http://www.loc.gov/standards/alto/v4/alto-4-2.xsd">
  <Description>
    <MeasurementUnit>pixel</MeasurementUnit>
    <sourceImageInformation>
      <fileName>MA060r.jpg</fileName>
      
    </sourceImageInformation>
  </Description>
  
  <Tags>
    <OtherTag ID="BT1" LABEL="Title" DESCRIPTION="block type Title"/><OtherTag ID="BT2" LABEL="Main" DESCRIPTION="block type Main"/><OtherTag ID="BT3" LABEL="Commentary" DESCRIPTION="block type Commentary"/><OtherTag ID="BT4" LABEL="Illustration" DESCRIPTION="block type Illustration"/><OtherTag ID="BT6" LABEL="text" DESCRIPTION="block type text"/>
    <OtherTag ID="LT6" LABEL="default" DESCRIPTION="line type default"/>
  </Tags>
  
  <Layout>
    <Page WIDTH="1746"
          HEIGHT="2482"
          PHYSICAL_IMG_NR="28"
          ID="eSc_dummypage_">
      <PrintSpace HPOS="0"
                  VPOS="0"
                  WIDTH="1746"
                  HEIGHT="2482">
        
        <TextBlock HPOS="187"
                   VPOS="82"
                   WIDTH="1509"
                   HEIGHT="892"
                   ID="eSc_textblock_6bd29bce"
                   TAGREFS="BT6">
          <Shape><Polygon POINTS="1468 82 1514 93 1543 170 1674 187 1696 627 1663 825 1486 886 1190 875 750 897 439 974 242 974 209 936 187 776 204 204 237 99 340 93 419 148 1398 176 1421 169 1405 148 1427 99 1468 82"/></Shape>
          
          
          <TextLine ID="eSc_line_29ea6b34"
                    TAGREFS="LT6"
                    BASELINE="222 224 515 215 834 215 1639 230" 
                    HPOS="220"
                    VPOS="161"
                    WIDTH="1419"
                    HEIGHT="85">
            <Shape><Polygon POINTS="1311 173 1297 172 1283 172 1270 172 1256 172 1255 170 1203 184 1159 176 1158 176 1055 180 1053 180 1026 191 944 191 879 165 878 165 744 164 743 164 741 164 686 182 631 162 630 162 530 161 504 161 503 161 502 161 467 180 365 172 364 172 362 172 324 183 222 183 222 224 220 231 409 233 410 233 459 224 479 234 481 234 482 234 484 234 492 234 609 226 1024 238 1044 238 1045 238 1049 238 1118 231 1226 239 1279 244 1281 244 1318 241 1361 237 1377 241 1392 245 1394 245 1528 246 1529 246 1530 246 1539 242 1548 237 1637 242 1639 230 1639 199 1517 198 1517 197 1501 190 1500 190 1499 190 1453 195 1421 179 1420 179 1419 179 1365 188 1335 175 1333 175 1317 173 1311 173"/></Shape>
	    <String CONTENT="Know All Men By these presents That I John Bridges of"
                    HPOS="220"
                    VPOS="161"
                    WIDTH="1419"
                    HEIGHT="85"></String>
          </TextLine>

          
          
          <TextLine ID="eSc_line_0d20af41"
                    TAGREFS="LT6"
                    BASELINE="212 274 473 259 868 256 1130 278 1456 282 1672 296" 
                    HPOS="211"
                    VPOS="220"
                    WIDTH="1461"
                    HEIGHT="80">
            <Shape><Polygon POINTS="281 223 267 223 253 224 234 234 212 224 212 274 211 282 328 282 329 282 364 271 386 279 387 279 388 279 449 270 486 279 488 279 489 279 490 279 511 270 580 270 693 270 744 281 746 281 794 273 906 273 959 284 961 284 1042 275 1093 295 1095 295 1096 295 1194 296 1195 296 1197 296 1199 296 1220 288 1249 296 1250 296 1252 296 1369 297 1370 297 1372 297 1392 289 1426 297 1430 299 1431 299 1432 299 1438 299 1464 292 1486 299 1488 299 1489 299 1670 300 1672 296 1671 252 1591 233 1590 233 1588 233 1559 244 1532 238 1530 238 1529 238 1507 248 1504 250 1471 250 1467 248 1450 241 1449 241 1448 241 1446 241 1445 241 1435 246 1431 249 1421 246 1365 231 1363 231 1362 231 1361 231 1323 245 1318 246 1312 245 1278 233 1277 233 1275 233 1274 233 1252 244 1246 246 1205 246 1194 242 1166 231 1165 231 1164 231 1162 231 1132 241 1119 245 988 245 976 238 951 227 950 227 948 227 893 235 823 223 821 223 653 227 550 220 548 220 547 220 526 230 517 234 492 230 470 226 468 226 467 226 460 228 442 237 310 237 289 226 284 223 281 223"/></Shape>
	    <String CONTENT="Andover in the Cownty of Essex in New England Blacksmith And John"
                    HPOS="211"
                    VPOS="220"
                    WIDTH="1461"
                    HEIGHT="80"></String>
          </TextLine>

          
          
          <TextLine ID="eSc_line_d6db556d"
                    TAGREFS="LT6"
                    BASELINE="217 326 474 306 673 300 904 303 1184 319 1643 321" 
                    HPOS="216"
                    VPOS="266"
                    WIDTH="1427"
                    HEIGHT="69">
            <Shape><Polygon POINTS="1635 295 1621 293 1608 293 1594 292 1580 290 1566 290 1427 290 1424 289 1402 282 1401 282 1387 282 1384 282 1372 289 1368 290 1351 289 1300 282 1299 282 1263 289 1250 290 1245 288 1224 279 1221 279 1208 279 1190 288 1187 289 1179 288 1136 281 1135 281 1095 288 1086 289 1084 288 1050 271 1044 271 1031 270 1028 270 1016 270 1002 268 988 267 899 284 861 266 860 266 758 266 757 266 755 266 714 281 657 281 633 266 631 266 630 266 410 266 409 266 408 266 373 285 362 290 267 290 255 285 235 278 234 278 233 278 231 278 216 284 217 326 217 335 328 330 329 330 357 318 453 326 455 326 456 326 477 317 575 317 610 326 612 326 613 326 615 326 649 317 943 317 1049 329 1050 329 1052 329 1074 319 1089 329 1090 329 1092 329 1093 329 1124 324 1135 330 1141 333 1143 333 1144 333 1642 326 1643 321 1642 295 1635 295"/></Shape>
	    <String CONTENT="Osgood Sen&#x27;r of the Same Towne &amp; Cownty afforesaid Husbandman, Are"
                    HPOS="216"
                    VPOS="266"
                    WIDTH="1427"
                    HEIGHT="69"></String>
          </TextLine>

          
          
          <TextLine ID="eSc_line_07c06bcb"
                    TAGREFS="LT6"
                    BASELINE="213 379 485 358 673 354 1650 368" 
                    HPOS="213"
                    VPOS="311"
                    WIDTH="1437"
                    HEIGHT="77">
            <Shape><Polygon POINTS="1510 321 1508 321 1507 321 1506 321 1460 333 1438 328 1437 328 1435 328 1434 328 1415 339 1406 339 1377 339 1376 337 1344 321 1343 321 1341 321 1340 321 1306 329 1272 322 1271 322 1270 322 1235 335 1191 325 1190 325 1140 336 1140 337 1028 337 1027 336 968 314 966 314 784 313 710 313 708 313 707 313 663 330 620 330 588 314 587 314 586 314 584 314 557 326 524 311 522 311 489 311 488 311 486 311 442 322 388 321 387 321 386 321 368 330 266 324 264 324 213 330 213 379 213 381 372 381 372 380 373 380 439 368 490 380 493 380 495 380 496 380 497 380 550 366 579 380 583 381 584 381 586 381 597 380 667 368 718 376 719 376 721 376 739 368 908 368 924 377 925 377 926 377 928 377 929 377 954 369 1001 377 1002 377 1004 377 1023 370 1037 379 1037 380 1038 380 1039 380 1041 380 1048 379 1072 373 1084 379 1096 386 1097 386 1099 386 1137 379 1165 375 1202 375 1213 379 1234 387 1235 387 1237 387 1292 379 1312 376 1323 379 1354 387 1355 387 1357 387 1358 387 1380 379 1395 373 1424 379 1478 388 1479 388 1566 384 1568 384 1586 379 1597 375 1648 377 1650 368 1649 340 1614 339 1584 322 1583 322 1581 322 1532 333 1511 321 1510 321"/></Shape>
	    <String CONTENT="Holden And firmely Bownd Joyntly &amp; Sevirally to there Maj&#x27;es King"
                    HPOS="213"
                    VPOS="311"
                    WIDTH="1437"
                    HEIGHT="77"></String>
          </TextLine>

          
          
          <TextLine ID="eSc_line_2599c8c3"
                    TAGREFS="LT6"
                    BASELINE="213 432 399 417 677 406 1663 412" 
                    HPOS="212"
                    VPOS="364"
                    WIDTH="1451"
                    HEIGHT="68">
            <Shape><Polygon POINTS="1619 368 1605 368 1591 368 1583 368 1569 373 1557 377 1543 373 1526 369 1525 369 1523 369 1522 369 1514 373 1499 381 1468 375 1443 368 1442 368 1441 368 1439 368 1419 375 1397 383 1272 383 1230 376 1143 364 1141 364 1140 364 1112 377 1110 379 1015 381 1006 377 977 364 976 364 806 364 805 364 804 364 775 379 769 383 730 383 725 380 684 364 682 364 681 364 679 364 678 364 650 380 646 383 576 383 573 381 535 364 533 364 532 364 448 372 402 365 391 366 383 366 347 383 212 383 213 432 266 431 522 431 522 430 628 417 736 430 737 430 739 430 776 417 907 427 908 427 994 417 1061 427 1063 427 1111 417 1154 426 1155 426 1157 426 1181 417 1224 417 1239 426 1241 426 1242 426 1243 426 1395 417 1409 426 1410 426 1412 426 1482 427 1483 427 1521 419 1551 428 1552 428 1554 428 1555 428 1576 421 1594 430 1595 430 1597 430 1598 430 1631 423 1659 430 1663 412 1661 373 1624 368 1619 368"/></Shape>
	    <String CONTENT="William And Queen Mary of England Scottland France And Ireland"
                    HPOS="212"
                    VPOS="364"
                    WIDTH="1451"
                    HEIGHT="68"></String>
          </TextLine>

          
          
          <TextLine ID="eSc_line_e92b1ca4"
                    TAGREFS="LT6"
                    BASELINE="234 477 735 457 1672 459" 
                    HPOS="233"
                    VPOS="410"
                    WIDTH="1439"
                    HEIGHT="76">
            <Shape><Polygon POINTS="1208 410 1198 410 1184 410 1170 410 1169 410 1089 412 1088 412 1061 426 1057 428 1028 428 1021 427 987 415 986 415 791 413 790 413 788 413 726 430 721 431 715 430 660 415 659 415 616 415 615 415 613 415 612 415 601 421 542 416 540 416 539 416 482 432 409 420 408 420 406 420 350 434 266 428 260 430 246 430 233 435 234 477 234 486 420 478 489 483 490 483 492 483 510 475 543 483 544 483 546 483 548 483 620 470 729 470 757 481 759 482 761 482 762 482 827 481 828 481 830 481 853 468 940 478 941 478 943 478 984 467 1089 475 1090 475 1173 467 1209 477 1210 477 1212 477 1213 477 1215 477 1216 477 1234 466 1297 475 1314 478 1315 478 1335 475 1394 466 1424 474 1432 477 1434 477 1435 477 1497 474 1499 474 1500 474 1519 464 1562 472 1569 474 1570 474 1572 474 1574 472 1588 467 1671 471 1672 459 1671 419 1635 413 1634 413 1632 413 1621 419 1612 424 1514 426 1482 420 1446 415 1445 415 1443 415 1424 421 1410 427 1241 427 1232 424 1209 410 1208 410"/></Shape>
	    <String CONTENT="King &amp; Queen Defenders of the faith in the full &amp; Juste Sum of five"
                    HPOS="233"
                    VPOS="410"
                    WIDTH="1439"
                    HEIGHT="76"></String>
          </TextLine>

          
          
          <TextLine ID="eSc_line_39f13da1"
                    TAGREFS="LT6"
                    BASELINE="256 521 595 507 997 500 1667 508" 
                    HPOS="255"
                    VPOS="460"
                    WIDTH="1412"
                    HEIGHT="72">
            <Shape><Polygon POINTS="610 463 609 463 564 478 561 479 456 479 456 478 431 470 420 470 408 470 388 478 353 472 351 472 337 474 324 474 310 474 296 475 285 475 255 479 256 521 256 532 351 530 353 530 372 522 391 530 393 530 394 530 444 523 477 530 478 530 551 515 777 530 779 530 780 530 781 530 827 515 861 526 863 526 864 526 866 526 908 514 962 522 964 522 965 522 984 514 1157 522 1158 522 1203 514 1228 522 1230 522 1231 522 1321 512 1408 528 1409 528 1479 512 1522 526 1523 526 1525 526 1554 521 1565 528 1566 528 1568 528 1569 529 1666 529 1667 508 1666 470 1624 461 1623 461 1543 470 1529 471 1525 470 1493 460 1492 460 1490 460 1443 470 1391 463 1390 463 1388 463 1369 471 1359 477 1281 477 1271 472 1253 464 1252 464 1250 464 1249 464 1230 472 1224 475 1217 472 1194 461 1192 461 1191 461 1070 466 1068 466 1067 466 1053 474 1052 474 992 461 871 461 870 461 868 461 820 475 815 478 725 478 719 477 690 467 689 467 612 463 610 463"/></Shape>
	    <String CONTENT="hundrid Pownds Sterling, for the True &amp; Juste payments of w&#x27;ch Said"
                    HPOS="255"
                    VPOS="460"
                    WIDTH="1412"
                    HEIGHT="72"></String>
          </TextLine>

          
          
          <TextLine ID="eSc_line_1186ae75"
                    TAGREFS="LT6"
                    BASELINE="249 569 922 557 1643 554" 
                    HPOS="248"
                    VPOS="506"
                    WIDTH="1395"
                    HEIGHT="82">
            <Shape><Polygon POINTS="1489 507 1475 507 1461 507 1420 519 1413 521 1408 519 1384 511 1383 511 1381 511 1333 521 1321 522 1314 521 1268 506 1267 506 1266 506 1192 517 1170 508 1169 508 1027 507 1026 507 929 526 925 526 924 526 889 510 888 510 886 510 885 510 861 517 830 510 828 510 827 510 791 528 791 529 677 529 675 529 620 512 619 512 510 512 508 512 507 512 489 522 444 514 442 514 333 535 248 535 249 569 249 588 330 581 365 587 366 587 368 587 369 587 384 577 428 586 430 586 431 586 466 576 503 586 504 586 506 586 511 586 638 573 743 583 751 583 753 583 754 583 755 583 777 572 823 577 824 577 990 570 1012 579 1013 579 1015 579 1016 579 1034 569 1129 577 1146 579 1147 579 1169 577 1288 566 1379 574 1399 576 1401 576 1402 576 1410 574 1431 569 1641 570 1643 554 1639 517 1534 521 1523 518 1490 507 1489 507"/></Shape>
	    <String CONTENT="Sum of five hundrid pownds to there Maj&#x27;es King William And Queen M"
                    HPOS="248"
                    VPOS="506"
                    WIDTH="1395"
                    HEIGHT="82"></String>
          </TextLine>

          
          
          <TextLine ID="eSc_line_d2ab2d25"
                    TAGREFS="LT6"
                    BASELINE="215 638 508 620 802 612 1686 609" 
                    HPOS="213"
                    VPOS="565"
                    WIDTH="1473"
                    HEIGHT="77">
            <Shape><Polygon POINTS="215 638 215 642 423 641 428 641 507 631 573 638 575 638 576 638 604 628 735 637 736 637 802 627 917 635 921 635 922 635 925 635 994 623 1223 623 1275 630 1277 630 1381 620 1472 630 1477 630 1478 630 1483 630 1562 620 1685 627 1686 609 1682 579 1620 579 1616 579 1565 565 1563 565 1562 565 1561 565 1529 579 1528 580 1463 580 1460 579 1449 573 1448 573 1446 573 1415 579 1406 580 1403 579 1392 573 1391 573 1390 573 1388 573 1387 573 1380 579 1375 583 1337 583 1329 579 1290 565 1289 565 1252 565 1250 565 1249 565 1197 580 1183 583 1170 580 1135 568 1133 568 1132 568 1071 580 1046 584 1023 580 966 569 910 569 908 569 907 569 885 580 882 581 871 580 802 570 801 570 799 570 779 580 766 587 744 580 713 572 711 572 710 572 708 572 689 581 674 590 594 590 546 581 500 573 499 573 410 581 393 583 388 581 376 576 375 576 373 576 284 579 282 579 275 581 266 587 213 583 215 638"/></Shape>
	    <String CONTENT="Wee do Bind our Selves Our heires Executtors Administrators &amp; Assignes"
                    HPOS="213"
                    VPOS="565"
                    WIDTH="1473"
                    HEIGHT="77"></String>
          </TextLine>

          
          
          <TextLine ID="eSc_line_52d11c55"
                    TAGREFS="LT6"
                    BASELINE="220 685 1059 653 1671 654" 
                    HPOS="219"
                    VPOS="610"
                    WIDTH="1452"
                    HEIGHT="91">
            <Shape><Polygon POINTS="1610 610 1599 610 1577 619 1576 619 1572 619 1519 614 1518 614 1432 621 1416 623 1415 623 1388 610 1376 610 1369 610 1266 621 1199 612 1198 612 1140 624 1067 616 1066 616 1064 616 1030 631 1024 632 1019 631 972 617 970 617 969 617 932 619 930 619 893 634 889 635 879 634 804 621 802 621 801 621 775 632 755 624 754 624 753 624 751 624 750 624 729 638 725 639 719 638 684 624 682 624 681 624 679 624 638 639 633 641 628 639 591 628 590 628 588 628 587 628 555 641 548 643 533 642 449 630 448 630 446 630 445 630 431 638 350 632 348 632 347 632 317 646 311 649 302 646 255 635 246 635 219 648 220 685 220 701 317 697 318 697 362 683 383 693 384 693 386 693 430 685 489 694 490 694 492 694 493 694 518 679 620 686 621 686 684 675 759 683 761 683 762 683 780 675 813 686 815 686 816 686 817 686 863 670 939 670 968 683 969 683 970 683 972 683 973 683 1034 666 1086 664 1289 661 1391 672 1392 672 1671 666 1671 654 1670 617 1616 610 1610 610"/></Shape>
	    <String CONTENT="firmely by these presents, Dated in Salem the fifeteenth day of October"
                    HPOS="219"
                    VPOS="610"
                    WIDTH="1452"
                    HEIGHT="91"></String>
          </TextLine>

          
          
          <TextLine ID="eSc_line_31fd8791"
                    TAGREFS="LT6"
                    BASELINE="201 740 479 718 1077 700 1359 697 1660 705" 
                    HPOS="199"
                    VPOS="654"
                    WIDTH="1461"
                    HEIGHT="96">
            <Shape><Polygon POINTS="1347 654 1346 654 1344 654 1317 670 1286 670 1249 656 1248 656 1246 656 1078 660 966 679 917 664 915 664 914 664 877 666 875 666 874 666 848 682 809 672 808 672 806 672 740 678 696 670 695 670 664 671 663 671 661 671 634 688 566 674 565 674 455 693 405 693 372 683 370 683 369 683 368 683 337 693 311 685 310 685 308 685 307 685 282 696 224 692 223 692 222 692 199 699 201 740 201 750 279 743 300 748 302 748 303 748 420 730 528 743 529 743 530 743 644 726 890 726 890 725 892 725 910 718 958 725 959 725 961 725 991 714 1079 712 1124 728 1125 728 1126 728 1128 728 1129 728 1147 717 1272 717 1272 715 1274 715 1307 707 1423 719 1424 719 1660 714 1660 705 1659 663 1533 659 1532 659 1490 666 1459 657 1457 657 1456 657 1405 668 1403 668 1348 654 1347 654"/></Shape>
	    <String CONTENT="in the year of Our Lord One thowsand Six hundrid Ninety and Two"
                    HPOS="199"
                    VPOS="654"
                    WIDTH="1461"
                    HEIGHT="96"></String>
          </TextLine>

          
          
          <TextLine ID="eSc_line_94aa9b37"
                    TAGREFS="LT6"
                    BASELINE="215 792 423 776 846 757 1656 758" 
                    HPOS="213"
                    VPOS="707"
                    WIDTH="1443"
                    HEIGHT="88">
            <Shape><Polygon POINTS="420 723 406 725 402 725 366 744 213 745 215 792 215 795 412 794 413 794 415 794 417 792 428 785 475 791 493 792 495 792 496 792 500 790 515 783 553 787 554 787 555 787 597 772 656 779 657 779 701 770 736 776 737 776 849 769 879 776 881 776 882 776 940 768 991 776 992 776 994 776 1024 766 1114 773 1115 773 1155 765 1180 777 1181 777 1183 777 1197 777 1295 770 1343 774 1430 781 1431 781 1432 781 1468 772 1489 766 1504 770 1518 776 1519 776 1521 776 1551 770 1591 762 1617 769 1635 773 1637 773 1638 773 1639 773 1656 768 1656 758 1653 726 1573 729 1559 726 1470 710 1468 710 1467 710 1442 719 1397 707 1395 707 1394 707 1329 708 1328 708 1271 730 1271 732 1232 734 1177 734 1175 732 1152 719 1151 719 1150 719 1148 719 1128 723 1100 711 1099 711 1097 711 970 712 969 712 918 725 868 714 794 714 793 714 791 714 717 739 715 739 713 739 673 736 641 718 639 718 601 718 599 718 598 718 544 741 543 741 536 741 455 737 420 722 420 723"/></Shape>
	    <String CONTENT="And in the fourth Year of theire Maj&#x27;es Reigne of King William &amp;"
                    HPOS="213"
                    VPOS="707"
                    WIDTH="1443"
                    HEIGHT="88"></String>
          </TextLine>

          
          
          <TextLine ID="eSc_line_daba2dcc"
                    TAGREFS="LT6"
                    BASELINE="215 843 834 814 1638 810" 
                    HPOS="213"
                    VPOS="762"
                    WIDTH="1425"
                    HEIGHT="106">
            <Shape><Polygon POINTS="215 843 215 868 343 849 387 865 388 865 390 865 406 865 452 864 453 864 497 843 548 842 588 849 590 849 591 849 616 839 777 838 823 854 824 854 845 856 879 856 881 856 948 854 950 854 951 854 952 853 984 834 1015 832 1070 839 1071 839 1072 839 1101 832 1119 841 1121 841 1122 841 1124 841 1159 831 1221 848 1226 848 1227 848 1228 848 1332 845 1337 845 1417 824 1492 841 1494 841 1496 841 1497 841 1499 841 1525 830 1561 839 1568 841 1569 841 1570 841 1638 836 1638 810 1637 769 1620 763 1619 763 1617 763 1576 770 1533 777 1512 772 1501 769 1500 769 1499 769 1497 769 1489 772 1475 780 1431 780 1419 774 1397 765 1395 765 1394 765 1363 770 1290 762 1289 762 1288 762 1252 770 1215 763 1213 763 1212 763 1162 780 1146 785 1081 783 1049 781 1048 781 1035 784 1012 790 981 790 975 785 952 772 951 772 950 772 884 770 882 770 881 770 821 790 809 792 797 790 730 774 681 774 679 774 613 781 612 781 588 794 550 777 548 777 547 777 500 779 499 779 435 799 431 799 428 799 377 784 376 784 375 784 373 784 342 801 337 803 255 803 253 803 239 796 238 796 237 796 235 796 213 803 215 843"/></Shape>
	    <String CONTENT="Queen Mary King &amp; Queen of England Scottland France &amp; Ireland"
                    HPOS="213"
                    VPOS="762"
                    WIDTH="1425"
                    HEIGHT="106"></String>
          </TextLine>

          
          
          <TextLine ID="eSc_line_8219e7c2"
                    TAGREFS="LT6"
                    BASELINE="217 907 525 881 796 868" 
                    HPOS="211"
                    VPOS="821"
                    WIDTH="583"
                    HEIGHT="153">
            <Shape><Polygon POINTS="643 823 622 823 583 843 542 827 539 827 519 827 479 843 450 833 448 833 446 833 444 833 442 833 413 856 411 856 409 856 299 841 297 841 295 841 293 841 293 843 271 862 252 850 250 850 248 850 246 850 244 850 211 866 215 905 219 974 285 972 287 972 299 965 335 947 359 957 384 965 386 965 388 965 448 961 450 961 453 961 453 959 471 941 492 916 527 932 573 953 575 953 577 953 579 953 581 953 581 951 614 920 628 905 724 899 732 903 744 910 746 910 748 910 750 910 794 893 794 866 788 831 715 835 713 835 699 823 699 821 697 821 695 821 693 821 690 821 670 829 647 821 643 823"/></Shape>
	    <String CONTENT="Defenders of the faith --"
                    HPOS="211"
                    VPOS="821"
                    WIDTH="583"
                    HEIGHT="153"></String>
          </TextLine>

          
        </TextBlock>
        
        <TextBlock HPOS="110"
                   VPOS="1092"
                   WIDTH="1591"
                   HEIGHT="1327"
                   ID="eSc_textblock_5825c157"
                   TAGREFS="BT6">
          <Shape><Polygon POINTS="1638 1092 1674 1097 1690 1125 1701 1465 1674 2160 1613 2204 1510 2215 1497 2271 1459 2288 1563 2338 1563 2375 1453 2408 1190 2408 1151 2370 428 2419 248 2414 110 2309 110 2233 226 2188 198 1250 198 1163 220 1130 1638 1092"/></Shape>
          
          
          <TextLine ID="eSc_line_fb60354d"
                    TAGREFS="LT6"
                    BASELINE="237 1229 358 1225 488 1207 673 1194 1046 1178 1318 1159 1677 1147" 
                    HPOS="233"
                    VPOS="1097"
                    WIDTH="1444"
                    HEIGHT="144">
            <Shape><Polygon POINTS="237 1229 237 1241 346 1236 347 1236 370 1227 424 1232 426 1232 427 1232 546 1217 599 1220 601 1220 697 1205 751 1213 753 1213 754 1213 776 1202 830 1212 831 1212 833 1212 834 1212 871 1199 907 1207 908 1207 910 1207 911 1207 969 1194 1124 1194 1125 1194 1126 1194 1159 1181 1292 1181 1293 1181 1377 1170 1398 1178 1399 1178 1401 1178 1402 1178 1432 1170 1453 1177 1455 1177 1456 1177 1457 1177 1493 1166 1532 1176 1536 1176 1537 1176 1539 1176 1543 1174 1594 1162 1675 1167 1677 1147 1672 1112 1594 1115 1588 1114 1529 1097 1528 1097 1526 1097 1525 1097 1466 1118 1449 1123 1408 1121 1290 1110 1289 1110 1288 1110 1239 1125 1206 1137 1072 1143 997 1133 983 1132 981 1132 980 1132 979 1132 976 1133 958 1144 926 1136 925 1136 924 1136 922 1136 897 1144 882 1137 871 1132 870 1132 868 1132 867 1132 845 1137 839 1138 835 1138 776 1126 775 1126 697 1130 696 1130 670 1143 637 1161 602 1145 583 1137 582 1137 580 1137 420 1144 419 1144 402 1152 380 1162 346 1154 326 1149 325 1149 233 1156 237 1229"/></Shape>
	    <String CONTENT="The Condition of this Obligation is Such that Whereas the above named"
                    HPOS="233"
                    VPOS="1097"
                    WIDTH="1444"
                    HEIGHT="144"></String>
          </TextLine>

          
          
          <TextLine ID="eSc_line_d8e144f5"
                    TAGREFS="LT6"
                    BASELINE="228 1289 384 1269 1111 1227 1621 1209" 
                    HPOS="227"
                    VPOS="1154"
                    WIDTH="1394"
                    HEIGHT="149">
            <Shape><Polygon POINTS="390 1221 376 1224 362 1225 348 1227 337 1227 317 1239 273 1241 227 1229 228 1289 228 1303 318 1298 319 1298 351 1285 366 1292 368 1292 369 1292 370 1292 438 1275 486 1283 488 1283 688 1265 755 1274 773 1275 775 1275 820 1272 821 1272 828 1269 859 1253 918 1264 924 1264 925 1264 926 1264 929 1263 961 1247 1009 1246 1045 1256 1057 1260 1059 1260 1060 1260 1061 1260 1063 1260 1070 1254 1081 1246 1164 1236 1227 1243 1228 1243 1230 1243 1231 1243 1249 1232 1285 1236 1286 1236 1288 1236 1319 1228 1363 1238 1369 1238 1370 1238 1372 1238 1376 1236 1398 1228 1415 1234 1416 1234 1417 1234 1419 1234 1420 1234 1432 1227 1499 1229 1522 1229 1523 1229 1525 1229 1526 1229 1529 1227 1543 1220 1620 1221 1621 1209 1617 1158 1598 1154 1597 1154 1595 1154 1594 1154 1573 1161 1540 1174 1438 1178 1390 1170 1363 1166 1362 1166 1317 1174 1231 1189 1202 1180 1190 1176 1188 1176 1187 1176 1079 1181 1078 1181 1060 1187 1041 1192 1008 1189 973 1187 972 1187 935 1194 841 1210 787 1201 769 1198 768 1198 766 1198 754 1202 733 1210 696 1205 679 1203 678 1203 677 1203 668 1206 641 1218 619 1209 612 1206 610 1206 609 1206 608 1206 598 1210 569 1224 484 1218 482 1218 481 1218 427 1232 404 1221 402 1221 398 1220 390 1221"/></Shape>
	    <String CONTENT="Jno Osgood Sen&#x27;r &amp; John Bridges Both of the Towne of Andever in the"
                    HPOS="227"
                    VPOS="1154"
                    WIDTH="1394"
                    HEIGHT="149"></String>
          </TextLine>

          
          
          <TextLine ID="eSc_line_c785b225"
                    TAGREFS="LT6"
                    BASELINE="223 1340 1111 1275 1670 1265" 
                    HPOS="220"
                    VPOS="1213"
                    WIDTH="1450"
                    HEIGHT="142">
            <Shape><Polygon POINTS="1539 1213 1504 1224 1477 1218 1475 1218 1474 1218 1441 1235 1438 1236 1435 1235 1398 1221 1397 1221 1395 1221 1394 1221 1350 1238 1318 1227 1317 1227 1315 1227 1155 1235 1154 1235 1112 1253 1103 1256 1086 1254 1010 1243 1009 1243 941 1247 940 1247 896 1264 886 1267 879 1264 848 1253 846 1253 845 1253 844 1253 817 1268 809 1272 795 1269 761 1261 759 1261 758 1261 733 1272 719 1279 634 1282 619 1278 580 1268 579 1268 577 1268 508 1285 474 1293 366 1297 353 1292 339 1287 337 1287 336 1287 335 1287 321 1294 304 1301 220 1300 223 1340 224 1355 466 1341 558 1323 604 1329 605 1329 661 1318 686 1326 688 1326 689 1326 690 1326 732 1314 797 1318 798 1318 877 1303 943 1301 992 1311 994 1311 995 1311 1044 1293 1255 1283 1299 1293 1300 1293 1301 1293 1333 1278 1368 1287 1369 1287 1370 1287 1372 1287 1373 1287 1383 1280 1488 1282 1489 1282 1490 1282 1492 1282 1503 1274 1519 1280 1521 1280 1522 1280 1670 1272 1670 1265 1667 1224 1541 1213 1540 1213 1539 1213"/></Shape>
	    <String CONTENT="County of Essex in New England have Taken into theire Care &amp; Custodye"
                    HPOS="220"
                    VPOS="1213"
                    WIDTH="1450"
                    HEIGHT="142"></String>
          </TextLine>

          
          
          <TextLine ID="eSc_line_4eee2365"
                    TAGREFS="LT6"
                    BASELINE="241 1400 1078 1329 1321 1318 1634 1312" 
                    HPOS="235"
                    VPOS="1269"
                    WIDTH="1399"
                    HEIGHT="154">
            <Shape><Polygon POINTS="1337 1272 1333 1272 1286 1289 1278 1292 1272 1290 1252 1282 1250 1282 1249 1282 1248 1282 1223 1292 1176 1279 1175 1279 1173 1279 1172 1279 1135 1294 1052 1289 1050 1289 1049 1289 1017 1304 1004 1311 991 1305 965 1296 964 1296 962 1296 935 1297 933 1297 932 1297 910 1311 888 1323 855 1314 828 1307 827 1307 826 1307 751 1311 750 1311 748 1311 735 1320 725 1329 681 1337 619 1327 587 1323 586 1323 584 1323 559 1332 492 1354 435 1338 424 1336 423 1336 422 1336 420 1336 402 1340 339 1358 293 1347 291 1347 289 1347 235 1349 241 1400 242 1423 361 1402 388 1409 390 1409 391 1409 477 1405 478 1405 519 1387 591 1389 593 1389 630 1381 661 1391 663 1391 664 1391 677 1391 748 1384 750 1384 781 1367 827 1374 828 1374 830 1374 870 1362 893 1367 895 1367 896 1367 1088 1343 1253 1332 1277 1340 1278 1340 1279 1340 1281 1340 1308 1329 1410 1334 1412 1334 1413 1334 1415 1334 1438 1320 1479 1329 1481 1329 1634 1318 1634 1312 1628 1269 1410 1285 1397 1282 1343 1271 1337 1272"/></Shape>
	    <String CONTENT="the Bodye of Mary Bridges Aged about Twelve yeares who was"
                    HPOS="235"
                    VPOS="1269"
                    WIDTH="1399"
                    HEIGHT="154"></String>
          </TextLine>

          
          
          <TextLine ID="eSc_line_58282e2f"
                    TAGREFS="LT6"
                    BASELINE="226 1453 1144 1385 1685 1356" 
                    HPOS="223"
                    VPOS="1308"
                    WIDTH="1462"
                    HEIGHT="156">
            <Shape><Polygon POINTS="226 1453 226 1464 377 1464 377 1463 435 1450 452 1447 464 1449 510 1454 511 1454 513 1454 535 1445 540 1442 546 1443 569 1450 570 1450 572 1450 573 1450 602 1440 613 1436 637 1438 689 1442 690 1442 692 1442 724 1432 740 1428 773 1429 808 1431 809 1431 881 1423 980 1411 1006 1416 1030 1418 1031 1418 1032 1418 1045 1413 1061 1405 1176 1398 1300 1398 1306 1398 1306 1396 1307 1396 1321 1389 1344 1395 1355 1396 1357 1396 1460 1387 1660 1369 1683 1373 1685 1356 1677 1308 1598 1332 1410 1343 1384 1332 1383 1332 1381 1330 1321 1330 1319 1330 1288 1333 1286 1333 1285 1333 1277 1340 1255 1354 1232 1343 1224 1338 1223 1338 1221 1338 1220 1338 1198 1345 1148 1362 1097 1365 1064 1356 1041 1349 1039 1349 1038 1349 928 1360 926 1360 906 1369 885 1376 871 1371 860 1367 859 1367 857 1367 856 1367 845 1373 824 1384 775 1388 689 1392 670 1387 638 1377 637 1377 635 1377 634 1377 601 1392 595 1395 526 1402 515 1399 488 1391 486 1391 485 1391 484 1391 459 1402 275 1402 274 1402 273 1402 223 1420 226 1453"/></Shape>
	    <String CONTENT="Comited to theire Maj&#x27;es Goale in Salem in the Cownty of Essex in New"
                    HPOS="223"
                    VPOS="1308"
                    WIDTH="1462"
                    HEIGHT="156"></String>
          </TextLine>

          
          
          <TextLine ID="eSc_line_a09864f5"
                    TAGREFS="LT6"
                    BASELINE="233 1500 700 1476 955 1453 1685 1409" 
                    HPOS="228"
                    VPOS="1373"
                    WIDTH="1457"
                    HEIGHT="143">
            <Shape><Polygon POINTS="449 1438 442 1438 412 1453 406 1456 393 1454 332 1447 330 1447 275 1460 256 1453 255 1453 253 1453 252 1453 228 1463 233 1500 233 1516 398 1501 452 1504 453 1504 455 1504 456 1504 489 1494 544 1498 551 1498 553 1498 573 1497 697 1483 762 1485 780 1485 781 1485 783 1485 787 1483 801 1476 821 1480 828 1482 830 1482 875 1478 1015 1463 1060 1465 1079 1467 1081 1467 1114 1463 1179 1453 1203 1457 1217 1458 1219 1458 1220 1458 1237 1454 1264 1447 1277 1451 1283 1454 1285 1454 1286 1454 1306 1450 1335 1443 1373 1446 1401 1447 1402 1447 1426 1442 1453 1436 1470 1439 1482 1442 1483 1442 1485 1442 1500 1438 1521 1431 1683 1425 1685 1409 1681 1373 1501 1373 1500 1373 1499 1373 1475 1385 1463 1392 1412 1389 1363 1387 1362 1387 1361 1387 1343 1394 1326 1400 1306 1396 1267 1388 1266 1388 1081 1398 1079 1398 1078 1398 1057 1411 1049 1418 1009 1420 984 1417 922 1407 921 1407 919 1407 918 1407 893 1423 885 1428 824 1431 809 1428 758 1417 757 1417 755 1417 719 1434 708 1439 573 1446 564 1443 535 1435 533 1435 532 1435 530 1435 529 1435 513 1447 481 1447 452 1436 449 1438"/></Shape>
	    <String CONTENT="England for havinge used practised &amp; Comitted Divers Acts of Witchcrafte"
                    HPOS="228"
                    VPOS="1373"
                    WIDTH="1457"
                    HEIGHT="143"></String>
          </TextLine>

          
          
          <TextLine ID="eSc_line_77b7d29d"
                    TAGREFS="LT6"
                    BASELINE="231 1556 455 1544 889 1502 1685 1463" 
                    HPOS="228"
                    VPOS="1416"
                    WIDTH="1457"
                    HEIGHT="155">
            <Shape><Polygon POINTS="475 1489 471 1489 438 1504 427 1508 413 1505 369 1496 368 1496 366 1496 365 1496 344 1511 339 1515 278 1516 274 1515 257 1508 256 1508 255 1508 253 1508 228 1516 231 1556 231 1565 278 1571 279 1571 435 1562 437 1562 455 1554 473 1558 474 1558 475 1558 477 1558 478 1558 489 1551 553 1555 554 1555 555 1555 586 1544 642 1549 644 1549 645 1549 673 1537 690 1530 706 1536 729 1544 730 1544 732 1544 805 1540 806 1540 856 1526 882 1518 1088 1512 1172 1508 1187 1505 1220 1498 1237 1502 1253 1507 1255 1507 1256 1507 1257 1507 1274 1500 1288 1494 1359 1494 1392 1494 1394 1494 1395 1494 1401 1491 1410 1487 1423 1490 1441 1496 1442 1496 1443 1496 1445 1496 1471 1487 1492 1482 1508 1485 1533 1490 1534 1490 1536 1490 1563 1482 1573 1479 1580 1480 1610 1490 1612 1490 1613 1490 1614 1490 1643 1476 1654 1472 1683 1474 1685 1463 1679 1416 1511 1425 1510 1425 1506 1428 1493 1434 1459 1431 1439 1429 1438 1429 1416 1434 1359 1446 1329 1440 1321 1439 1319 1439 1318 1439 1307 1442 1267 1451 1227 1447 1212 1446 1210 1446 1209 1446 1199 1449 1165 1463 1144 1453 1133 1449 1132 1449 1130 1449 1129 1449 1110 1456 1078 1467 1050 1460 1034 1456 1032 1456 1031 1456 1030 1456 1028 1456 1017 1463 997 1475 957 1478 904 1478 888 1471 868 1464 867 1464 866 1464 864 1464 834 1475 816 1482 802 1478 784 1472 783 1472 781 1472 780 1472 765 1480 748 1490 615 1498 543 1501 524 1497 481 1487 475 1489"/></Shape>
	    <String CONTENT="Upon the Bodyes of Sundry persons who her Selfe hath also Conffessed the"
                    HPOS="228"
                    VPOS="1416"
                    WIDTH="1457"
                    HEIGHT="155"></String>
          </TextLine>

          
          
          <TextLine ID="eSc_line_419d0263"
                    TAGREFS="LT6"
                    BASELINE="224 1617 929 1552 1675 1516" 
                    HPOS="222"
                    VPOS="1465"
                    WIDTH="1453"
                    HEIGHT="162">
            <Shape><Polygon POINTS="1637 1465 1632 1465 1626 1471 1602 1485 1521 1479 1475 1476 1474 1476 1472 1476 1457 1485 1437 1494 1381 1490 1333 1486 1332 1486 1330 1486 1306 1496 1283 1504 1261 1500 1232 1493 1231 1493 1230 1493 1183 1505 1140 1516 1112 1511 1078 1504 1077 1504 1010 1508 1009 1508 966 1522 947 1529 935 1525 912 1516 911 1516 910 1516 871 1518 870 1518 868 1518 848 1531 846 1533 790 1541 766 1538 713 1529 711 1529 710 1529 648 1544 575 1538 573 1538 572 1538 570 1538 546 1554 450 1547 449 1547 448 1547 405 1566 401 1569 222 1580 224 1617 224 1627 508 1602 544 1606 546 1606 547 1606 628 1588 793 1587 794 1587 830 1574 990 1565 1026 1570 1027 1570 1028 1570 1049 1560 1086 1565 1088 1565 1089 1565 1129 1555 1203 1560 1208 1560 1209 1560 1210 1560 1212 1560 1231 1552 1281 1555 1285 1555 1286 1555 1288 1555 1289 1555 1311 1544 1379 1547 1380 1547 1381 1547 1412 1536 1463 1542 1467 1542 1468 1542 1486 1541 1631 1525 1674 1527 1675 1516 1670 1468 1638 1465 1637 1465"/></Shape>
	    <String CONTENT="same, is that the Abovesaid John Bridges Blacksmith &amp; John Osgood"
                    HPOS="222"
                    VPOS="1465"
                    WIDTH="1453"
                    HEIGHT="162"></String>
          </TextLine>

          
          
          <TextLine ID="eSc_line_0e739b8a"
                    TAGREFS="LT6"
                    BASELINE="237 1656 690 1629 1068 1595 1660 1559" 
                    HPOS="234"
                    VPOS="1525"
                    WIDTH="1426"
                    HEIGHT="140">
            <Shape><Polygon POINTS="1499 1526 1497 1526 1417 1531 1416 1531 1387 1547 1383 1549 1375 1548 1323 1537 1322 1537 1321 1537 1268 1552 1239 1545 1238 1545 1237 1545 1235 1545 1202 1559 1161 1548 1159 1548 1158 1548 1086 1565 968 1560 966 1560 965 1560 937 1574 908 1566 907 1566 906 1566 841 1569 839 1569 802 1585 795 1589 623 1599 616 1598 573 1587 572 1587 570 1587 569 1587 522 1600 493 1593 492 1593 490 1593 399 1613 234 1622 237 1656 237 1665 824 1633 903 1621 930 1617 954 1617 1024 1620 1026 1620 1027 1620 1050 1610 1056 1609 1063 1610 1093 1616 1095 1616 1155 1603 1165 1600 1221 1599 1237 1606 1238 1606 1239 1606 1315 1592 1326 1589 1350 1589 1512 1587 1660 1567 1660 1559 1656 1530 1580 1529 1579 1529 1577 1529 1562 1536 1561 1536 1539 1525 1537 1525 1536 1525 1499 1525 1499 1526"/></Shape>
	    <String CONTENT="Sen&#x27;r , Aforesaid husbandman Shall Well &amp; Truely keep the Aforesaid"
                    HPOS="234"
                    VPOS="1525"
                    WIDTH="1426"
                    HEIGHT="140"></String>
          </TextLine>

          
          
          <TextLine ID="eSc_line_07c2dbd1"
                    TAGREFS="LT6"
                    BASELINE="237 1704 450 1696 1070 1638 1678 1609" 
                    HPOS="234"
                    VPOS="1570"
                    WIDTH="1444"
                    HEIGHT="150">
            <Shape><Polygon POINTS="790 1620 739 1638 729 1640 715 1639 653 1632 646 1632 633 1633 619 1633 605 1635 591 1636 577 1636 568 1636 539 1651 532 1654 518 1653 460 1645 459 1645 457 1645 442 1651 422 1647 420 1647 419 1647 417 1647 397 1661 390 1665 279 1671 271 1669 253 1664 252 1664 251 1664 249 1664 234 1669 237 1704 237 1720 577 1700 579 1700 583 1698 606 1685 664 1693 674 1693 675 1693 677 1693 682 1691 718 1676 856 1676 856 1675 857 1675 878 1665 919 1668 921 1668 1159 1646 1227 1649 1228 1649 1230 1649 1260 1640 1288 1649 1290 1649 1292 1649 1293 1649 1295 1649 1296 1649 1297 1647 1319 1635 1395 1640 1403 1640 1405 1640 1412 1639 1475 1624 1499 1633 1504 1635 1506 1635 1507 1635 1508 1635 1510 1635 1512 1632 1521 1627 1678 1620 1678 1609 1672 1576 1576 1581 1574 1581 1532 1570 1530 1570 1529 1570 1459 1587 1419 1578 1417 1578 1416 1578 1383 1587 1332 1582 1330 1582 1329 1582 1290 1600 1288 1602 1281 1602 1213 1591 1212 1591 1166 1595 1165 1595 1133 1611 1129 1613 1118 1613 1035 1603 1034 1603 911 1611 910 1611 849 1627 795 1620 790 1620"/></Shape>
	    <String CONTENT="Mary Bridges &amp; Them Secure Untill they Shall Receive Order from"
                    HPOS="234"
                    VPOS="1570"
                    WIDTH="1444"
                    HEIGHT="150"></String>
          </TextLine>

          
          
          <TextLine ID="eSc_line_f7aae4e2"
                    TAGREFS="LT6"
                    BASELINE="235 1766 508 1748 815 1708 1122 1696 1406 1668 1668 1654" 
                    HPOS="233"
                    VPOS="1614"
                    WIDTH="1435"
                    HEIGHT="167">
            <Shape><Polygon POINTS="1550 1616 1548 1616 1504 1622 1503 1622 1501 1622 1482 1635 1442 1620 1439 1621 1426 1621 1373 1645 1322 1631 1321 1631 1319 1631 1318 1631 1292 1638 1243 1633 1242 1633 1241 1633 1172 1662 1168 1665 1121 1668 1117 1667 1070 1650 1068 1650 1067 1650 1013 1662 973 1656 972 1656 970 1656 944 1669 893 1661 892 1661 890 1661 834 1678 793 1669 791 1669 790 1669 741 1685 708 1676 707 1676 706 1676 628 1682 569 1690 568 1690 502 1716 500 1718 233 1737 235 1766 235 1781 379 1763 391 1770 393 1770 394 1770 395 1770 533 1759 548 1756 661 1737 735 1741 740 1741 741 1741 743 1741 746 1740 783 1726 1046 1707 1092 1711 1114 1713 1115 1713 1150 1707 1170 1702 1206 1702 1268 1702 1268 1701 1270 1701 1288 1696 1310 1687 1344 1690 1375 1693 1376 1693 1448 1687 1449 1687 1450 1687 1460 1680 1471 1673 1544 1673 1623 1673 1624 1673 1668 1662 1668 1654 1664 1624 1606 1628 1605 1628 1561 1614 1550 1616"/></Shape>
	    <String CONTENT="George Corwin Sherriff of the Cownty of Essex to deliver the Aforesaid"
                    HPOS="233"
                    VPOS="1614"
                    WIDTH="1435"
                    HEIGHT="167"></String>
          </TextLine>

          
          
          <TextLine ID="eSc_line_cafed82b"
                    TAGREFS="LT6"
                    BASELINE="244 1825 410 1818 619 1789 866 1764 1112 1751 1424 1720 1672 1708" 
                    HPOS="239"
                    VPOS="1656"
                    WIDTH="1433"
                    HEIGHT="186">
            <Shape><Polygon POINTS="1653 1656 1592 1672 1514 1665 1506 1665 1504 1665 1503 1665 1499 1667 1434 1696 1312 1704 1277 1696 1275 1696 1274 1696 1272 1696 1271 1696 1249 1711 1219 1712 1169 1698 1168 1698 1166 1698 1165 1698 1122 1719 1035 1719 998 1709 988 1708 987 1708 751 1730 750 1730 746 1731 689 1758 645 1759 605 1744 604 1744 602 1744 601 1744 599 1744 548 1766 496 1753 495 1753 493 1753 435 1756 434 1756 428 1759 386 1782 307 1788 239 1776 244 1825 245 1842 513 1821 518 1821 582 1807 593 1813 594 1813 595 1813 597 1813 627 1803 673 1807 677 1807 678 1807 679 1807 682 1807 707 1795 823 1791 895 1776 1016 1776 1017 1776 1019 1776 1046 1766 1097 1769 1099 1769 1100 1769 1147 1755 1279 1751 1459 1729 1519 1736 1526 1736 1528 1736 1529 1736 1536 1734 1591 1719 1671 1722 1672 1708 1664 1656 1653 1656"/></Shape>
	    <String CONTENT="Mary Bridges Unto William Dowton Now Keeper of theire Maj"
                    HPOS="239"
                    VPOS="1656"
                    WIDTH="1433"
                    HEIGHT="186"></String>
          </TextLine>

          
          
          <TextLine ID="eSc_line_1add4742"
                    TAGREFS="LT6"
                    BASELINE="248 1878 583 1851 642 1838 884 1814 1067 1806 1165 1791 1346 1776 1674 1758" 
                    HPOS="245"
                    VPOS="1729"
                    WIDTH="1429"
                    HEIGHT="161">
            <Shape><Polygon POINTS="248 1878 248 1890 422 1871 551 1869 561 1868 562 1868 564 1868 595 1857 631 1862 634 1862 635 1862 637 1862 638 1862 693 1844 809 1849 816 1849 817 1849 819 1849 821 1849 911 1824 999 1824 1001 1824 1044 1815 1082 1827 1084 1827 1085 1827 1086 1827 1172 1804 1311 1804 1312 1804 1314 1804 1361 1791 1434 1791 1435 1791 1437 1791 1460 1782 1485 1792 1486 1792 1488 1792 1489 1792 1519 1777 1626 1770 1671 1782 1674 1758 1670 1737 1634 1738 1612 1729 1610 1729 1609 1729 1608 1729 1584 1741 1468 1740 1467 1740 1466 1740 1417 1753 1380 1745 1379 1745 1377 1745 1332 1756 1256 1748 1255 1748 1220 1751 1219 1751 1179 1770 1132 1758 1130 1758 1129 1758 1128 1758 1064 1781 1023 1766 1021 1766 1020 1766 939 1778 907 1774 906 1774 845 1780 844 1780 817 1792 762 1785 761 1785 690 1791 689 1791 653 1804 627 1799 626 1799 624 1799 575 1818 504 1813 503 1813 502 1813 500 1813 485 1822 456 1815 455 1815 453 1815 375 1833 373 1835 245 1843 248 1878"/></Shape>
	    <String CONTENT="Goale in Salem Or to Any Other Whome the Aforesaid George Corwin"
                    HPOS="245"
                    VPOS="1729"
                    WIDTH="1429"
                    HEIGHT="161"></String>
          </TextLine>

          
          
          <TextLine ID="eSc_line_ad4e3005"
                    TAGREFS="LT6"
                    BASELINE="239 1924 521 1904 899 1861 1061 1853 1168 1836 1656 1811" 
                    HPOS="237"
                    VPOS="1770"
                    WIDTH="1419"
                    HEIGHT="167">
            <Shape><Polygon POINTS="593 1850 579 1853 575 1853 550 1865 548 1867 237 1889 239 1924 239 1937 575 1913 576 1913 616 1901 645 1908 646 1908 648 1908 649 1908 707 1891 736 1901 737 1901 739 1901 740 1901 839 1879 896 1883 897 1883 999 1867 1101 1868 1103 1868 1165 1854 1219 1857 1220 1857 1387 1838 1457 1843 1459 1843 1554 1825 1656 1832 1656 1811 1652 1782 1614 1782 1569 1770 1568 1770 1566 1770 1493 1785 1475 1777 1474 1777 1472 1777 1332 1788 1330 1788 1288 1807 1243 1795 1242 1795 1241 1795 1158 1800 1032 1829 1027 1829 1024 1829 940 1817 939 1817 937 1817 903 1836 828 1844 808 1846 804 1846 679 1836 678 1836 677 1836 623 1857 602 1846 593 1850"/></Shape>
	    <String CONTENT="Shall Appointe, that then they Shall forthwith deliver the Same Mary"
                    HPOS="237"
                    VPOS="1770"
                    WIDTH="1419"
                    HEIGHT="167"></String>
          </TextLine>

          
          
          <TextLine ID="eSc_line_e5d18f8f"
                    TAGREFS="LT6"
                    BASELINE="244 1958 441 1960 624 1945 903 1911 1667 1858" 
                    HPOS="241"
                    VPOS="1818"
                    WIDTH="1426"
                    HEIGHT="164">
            <Shape><Polygon POINTS="364 1916 350 1918 336 1918 330 1918 318 1927 307 1922 306 1922 304 1922 241 1933 244 1958 244 1970 278 1982 279 1982 281 1982 282 1982 284 1982 295 1974 343 1982 344 1982 442 1967 459 1974 460 1974 462 1974 656 1960 739 1946 740 1946 741 1946 757 1935 759 1934 764 1935 797 1944 798 1944 799 1944 801 1944 841 1930 842 1929 948 1919 964 1922 1001 1930 1002 1930 1004 1930 1032 1918 1035 1916 1038 1916 1074 1927 1075 1927 1077 1927 1078 1927 1146 1909 1169 1902 1337 1891 1357 1895 1387 1901 1388 1901 1390 1901 1391 1901 1406 1891 1413 1889 1448 1889 1501 1890 1503 1890 1504 1890 1521 1884 1539 1876 1667 1873 1667 1858 1664 1828 1637 1818 1635 1818 1634 1818 1632 1818 1581 1833 1544 1824 1543 1824 1541 1824 1474 1828 1472 1828 1391 1849 1375 1853 1361 1851 1281 1842 1279 1842 1278 1842 1249 1853 1146 1851 1144 1851 1143 1851 1141 1851 1118 1867 1008 1861 1006 1861 1005 1861 933 1883 926 1884 922 1883 892 1872 890 1872 889 1872 888 1872 844 1884 797 1876 795 1876 794 1876 770 1887 715 1887 714 1887 713 1887 692 1895 664 1890 663 1890 661 1890 635 1905 633 1905 623 1905 540 1904 539 1904 537 1904 519 1913 517 1915 401 1922 398 1922 369 1915 364 1916"/></Shape>
	    <String CONTENT="Bridges According to his Order -- And if the Above Bownd do perform"
                    HPOS="241"
                    VPOS="1818"
                    WIDTH="1426"
                    HEIGHT="164"></String>
          </TextLine>

          
          
          <TextLine ID="eSc_line_7bc3b653"
                    TAGREFS="LT6"
                    BASELINE="251 2024 808 1984 881 1969 1184 1941 1667 1912" 
                    HPOS="246"
                    VPOS="1873"
                    WIDTH="1421"
                    HEIGHT="163">
            <Shape><Polygon POINTS="251 2024 251 2036 582 2014 583 2014 588 2011 609 2002 642 2007 652 2009 653 2009 794 1999 821 1993 870 1982 915 1985 930 1986 932 1986 950 1984 1008 1970 1078 1971 1079 1971 1143 1960 1169 1966 1172 1966 1173 1966 1175 1966 1177 1964 1202 1955 1355 1945 1372 1949 1391 1956 1392 1956 1394 1956 1395 1956 1415 1946 1420 1944 1428 1945 1450 1949 1452 1949 1496 1940 1530 1931 1667 1926 1667 1912 1663 1873 1508 1878 1507 1878 1485 1887 1455 1902 1408 1908 1377 1897 1376 1897 1375 1897 1365 1898 1286 1911 1267 1907 1237 1898 1235 1898 1234 1898 1188 1908 1128 1905 1126 1905 1125 1905 1082 1919 1046 1913 1045 1913 1001 1915 999 1915 998 1915 984 1924 965 1916 964 1916 962 1916 961 1916 924 1927 830 1926 828 1926 827 1926 826 1926 801 1941 770 1937 769 1937 768 1937 744 1949 740 1952 732 1951 693 1944 692 1944 690 1944 650 1958 634 1964 539 1969 536 1967 522 1962 521 1962 519 1962 518 1962 502 1970 496 1974 464 1974 391 1974 390 1974 388 1974 372 1981 350 1973 348 1973 347 1973 346 1973 322 1985 321 1985 273 1980 271 1980 270 1980 246 1991 251 2024"/></Shape>
	    <String CONTENT="the Above mentioned Articles, And shall pay Unto George Corwin the Sheriff"
                    HPOS="246"
                    VPOS="1873"
                    WIDTH="1421"
                    HEIGHT="163"></String>
          </TextLine>

          
          
          <TextLine ID="eSc_line_907686c6"
                    TAGREFS="LT6"
                    BASELINE="255 2071 664 2044 769 2029 1661 1968" 
                    HPOS="250"
                    VPOS="1921"
                    WIDTH="1409"
                    HEIGHT="165">
            <Shape><Polygon POINTS="868 1971 862 1971 837 1985 825 1979 806 1983 792 1983 767 1998 682 1991 682 1993 661 1993 643 1995 622 1998 601 1998 587 1998 568 2012 343 2026 304 2018 291 2020 273 2020 250 2031 254 2070 254 2086 457 2066 513 2070 515 2070 517 2070 519 2070 552 2055 583 2066 585 2066 587 2066 589 2066 802 2051 817 2049 887 2033 999 2035 1001 2035 1003 2035 1075 2016 1110 2029 1115 2029 1117 2029 1119 2029 1121 2029 1127 2026 1168 2008 1659 1987 1659 1966 1654 1935 1611 1923 1609 1923 1607 1923 1605 1923 1603 1923 1586 1935 1566 1921 1563 1921 1561 1921 1559 1921 1557 1921 1497 1948 1495 1948 1429 1931 1427 1931 1425 1931 1423 1931 1392 1946 1195 1946 1193 1946 1191 1946 1189 1946 1150 1971 1108 1975 1102 1975 1046 1956 1044 1956 1042 1956 997 1960 995 1960 992 1960 992 1962 970 1981 875 1969 868 1971"/></Shape>
	    <String CONTENT="Afforesaid, the forfieture of Said Bond for there Maj&#x27;es Use in Case of"
                    HPOS="250"
                    VPOS="1921"
                    WIDTH="1409"
                    HEIGHT="165"></String>
          </TextLine>

          
          
          <TextLine ID="eSc_line_eeb35e9d"
                    TAGREFS="LT6"
                    BASELINE="241 2119 639 2097 1685 2016" 
                    HPOS="235"
                    VPOS="1973"
                    WIDTH="1448"
                    HEIGHT="169">
            <Shape><Polygon POINTS="1667 1975 1572 1973 1555 1975 1534 1975 1514 1977 1493 1979 1474 1979 1458 1989 1456 1989 1421 1983 1410 1985 1390 1985 1379 1985 1371 1993 1357 1987 1348 1989 1328 1989 1307 1991 1286 1993 1266 1993 1245 1995 1224 1998 1203 1998 1189 1998 1181 2006 1177 2012 1112 2014 1106 2012 1094 2006 1081 2006 1061 2008 1048 2008 1017 2016 999 2020 980 2018 941 2014 937 2016 916 2018 901 2018 877 2026 833 2039 688 2039 668 2043 647 2045 643 2045 579 2055 564 2051 546 2051 525 2053 506 2053 492 2064 359 2064 339 2066 335 2066 279 2080 235 2066 239 2117 239 2142 399 2120 426 2130 428 2130 430 2130 432 2130 469 2126 604 2107 618 2113 626 2115 628 2115 630 2115 796 2103 798 2103 815 2097 827 2091 879 2091 959 2091 961 2091 964 2091 995 2080 1021 2070 1119 2070 1189 2068 1191 2068 1212 2062 1241 2053 1288 2055 1377 2060 1379 2060 1381 2060 1429 2043 1443 2037 1584 2029 1588 2029 1609 2039 1611 2039 1613 2039 1615 2039 1617 2039 1617 2037 1632 2026 1634 2022 1683 2020 1683 2014 1681 1989 1667 1975"/></Shape>
	    <String CONTENT="Default then this Obligation shall be Void &amp; of None Effect Or Otherwise"
                    HPOS="235"
                    VPOS="1973"
                    WIDTH="1448"
                    HEIGHT="169"></String>
          </TextLine>

          
          
          <TextLine ID="eSc_line_43c30c49"
                    TAGREFS="LT6"
                    BASELINE="245 2167 921 2114 1649 2056" 
                    HPOS="239"
                    VPOS="2018"
                    WIDTH="1409"
                    HEIGHT="174">
            <Shape><Polygon POINTS="1621 2020 1601 2022 1588 2022 1541 2024 1539 2026 1518 2029 1512 2029 1439 2033 1435 2035 1433 2035 1338 2041 1332 2043 1330 2043 239 2128 244 2165 244 2192 351 2186 353 2186 357 2186 407 2167 448 2177 457 2177 459 2177 479 2173 560 2157 666 2157 721 2157 724 2157 726 2157 728 2157 736 2151 761 2138 860 2140 935 2140 937 2140 939 2140 980 2130 1001 2124 1013 2126 1034 2130 1036 2130 1038 2130 1040 2130 1040 2128 1042 2128 1046 2124 1050 2117 1084 2120 1146 2124 1148 2124 1150 2124 1199 2109 1230 2101 1282 2101 1350 2103 1352 2103 1355 2103 1357 2103 1357 2101 1365 2095 1369 2089 1648 2068 1648 2055 1642 2018 1621 2020"/></Shape>
	    <String CONTENT="To Stand in full force &amp; Virtue, In Wittness hereof we have Sett to"
                    HPOS="239"
                    VPOS="2018"
                    WIDTH="1409"
                    HEIGHT="174"></String>
          </TextLine>

          
          
          <TextLine ID="eSc_line_f5ab0777"
                    TAGREFS="LT6"
                    BASELINE="259 2214 547 2200 866 2164 1005 2156 1637 2095" 
                    HPOS="255"
                    VPOS="2053"
                    WIDTH="1382"
                    HEIGHT="184">
            <Shape><Polygon POINTS="1614 2054 1613 2054 1515 2062 1514 2062 1511 2064 1479 2075 1394 2075 1381 2075 1380 2075 1379 2075 1376 2076 1332 2094 1295 2083 1292 2083 1290 2083 1289 2083 1288 2083 1283 2084 1242 2102 1187 2100 1186 2100 1184 2100 1150 2112 995 2116 994 2116 992 2116 979 2127 864 2137 827 2127 821 2126 820 2126 819 2126 804 2127 743 2133 741 2133 740 2133 736 2135 710 2152 566 2152 565 2152 564 2152 562 2152 485 2171 442 2163 433 2162 431 2162 364 2167 362 2167 353 2171 317 2186 296 2177 293 2175 292 2175 291 2175 255 2180 259 2214 260 2237 415 2220 442 2222 460 2225 462 2225 463 2225 479 2220 510 2210 564 2211 591 2213 593 2213 594 2213 609 2208 642 2197 675 2202 686 2203 688 2203 689 2203 700 2200 735 2189 793 2191 823 2192 824 2192 826 2192 846 2186 885 2175 904 2181 912 2184 914 2184 915 2184 994 2173 1068 2163 1082 2166 1095 2167 1096 2167 1097 2167 1107 2163 1128 2153 1170 2157 1179 2157 1180 2157 1205 2153 1272 2144 1326 2144 1370 2144 1370 2142 1372 2142 1386 2138 1416 2127 1499 2127 1525 2127 1526 2127 1547 2123 1610 2109 1634 2115 1637 2095 1630 2053 1620 2053 1614 2054"/></Shape>
	    <String CONTENT="Our hands &amp; Seals this fifetenth day of October One thowsand Six hundrid"
                    HPOS="255"
                    VPOS="2053"
                    WIDTH="1382"
                    HEIGHT="184"></String>
          </TextLine>

          
          
          <TextLine ID="eSc_line_63fb9f22"
                    TAGREFS="LT6"
                    BASELINE="274 2265 530 2248 1307 2170 1635 2149" 
                    HPOS="271"
                    VPOS="2115"
                    WIDTH="1364"
                    HEIGHT="176">
            <Shape><Polygon POINTS="275 2283 342 2279 346 2279 393 2291 394 2291 395 2291 397 2291 428 2275 481 2276 482 2276 484 2276 485 2276 497 2266 499 2265 608 2254 652 2254 690 2254 722 2265 724 2265 725 2265 726 2265 783 2242 799 2236 821 2239 834 2240 835 2240 856 2236 888 2229 899 2232 930 2244 932 2244 933 2244 935 2244 969 2233 1021 2239 1023 2239 1215 2221 1216 2221 1217 2221 1232 2211 1259 2217 1260 2217 1337 2208 1339 2208 1372 2192 1386 2186 1403 2191 1441 2197 1442 2197 1443 2197 1471 2186 1490 2195 1492 2195 1493 2195 1494 2195 1496 2195 1517 2181 1529 2173 1547 2175 1548 2175 1550 2175 1579 2164 1634 2170 1635 2149 1631 2117 1574 2115 1573 2115 1572 2115 1536 2124 1534 2124 1494 2116 1493 2116 1419 2123 1417 2123 1381 2138 1372 2141 1361 2140 1326 2133 1325 2133 1323 2133 1322 2133 1304 2144 1297 2148 1290 2145 1271 2137 1270 2137 1268 2137 1267 2137 1266 2137 1246 2149 1237 2155 1151 2159 1144 2157 1124 2151 1122 2151 1121 2151 1119 2151 1118 2151 1107 2160 1099 2167 1075 2170 943 2181 929 2175 922 2173 921 2173 919 2173 867 2174 866 2174 846 2182 821 2192 798 2186 780 2182 779 2182 733 2192 657 2207 617 2202 601 2199 599 2199 598 2199 597 2199 590 2203 569 2215 502 2211 484 2210 482 2210 481 2210 471 2213 434 2228 377 2221 370 2221 369 2221 368 2221 364 2222 322 2236 271 2231 274 2265 275 2283"/></Shape>
	    <String CONTENT="Ninety &amp; Two And in the fourth year of theire Maj&#x27;es Reigne --"
                    HPOS="271"
                    VPOS="2115"
                    WIDTH="1364"
                    HEIGHT="176"></String>
          </TextLine>

          
          
          <TextLine ID="eSc_line_e6f0cd81"
                    TAGREFS="LT6"
                    BASELINE="100 2293 260 2287" 
                    HPOS="95"
                    VPOS="2206"
                    WIDTH="163"
                    HEIGHT="120">
            <Shape><Polygon POINTS="136 2221 115 2229 113 2211 113 2211 111 2211 109 2211 107 2211 95 2217 99 2291 99 2318 165 2308 202 2324 208 2326 211 2326 213 2326 258 2324 258 2285 248 2206 206 2217 169 2215 153 2213 136 2221"/></Shape>
	    <String CONTENT="Wittness"
                    HPOS="95"
                    VPOS="2206"
                    WIDTH="163"
                    HEIGHT="120"></String>
          </TextLine>

          
          
          <TextLine ID="eSc_line_4a02f4b7"
                    TAGREFS="LT6"
                    BASELINE="1198 2258 1455 2244" 
                    HPOS="1195"
                    VPOS="2199"
                    WIDTH="260"
                    HEIGHT="85">
            <Shape><Polygon POINTS="1198 2258 1201 2284 1263 2268 1306 2276 1323 2279 1325 2279 1352 2277 1354 2277 1355 2277 1363 2271 1375 2262 1387 2269 1395 2272 1397 2272 1398 2272 1399 2272 1401 2272 1406 2266 1417 2259 1453 2262 1455 2244 1452 2206 1427 2199 1426 2199 1424 2199 1195 2217 1198 2258"/></Shape>
	    <String CONTENT="John Bridge"
                    HPOS="1195"
                    VPOS="2199"
                    WIDTH="260"
                    HEIGHT="85"></String>
          </TextLine>

          
          
          <TextLine ID="eSc_line_b9883a36"
                    TAGREFS="LT6"
                    BASELINE="264 2335 508 2338" 
                    HPOS="260"
                    VPOS="2268"
                    WIDTH="246"
                    HEIGHT="94">
            <Shape><Polygon POINTS="262 2333 260 2353 502 2362 506 2337 504 2289 386 2295 347 2275 339 2271 337 2271 262 2268 262 2333"/></Shape>
	    <String CONTENT="Jno Turner"
                    HPOS="260"
                    VPOS="2268"
                    WIDTH="246"
                    HEIGHT="94"></String>
          </TextLine>

          
          
          <TextLine ID="eSc_line_b51cb16d"
                    TAGREFS="LT6"
                    BASELINE="246 2388 478 2385 721 2367" 
                    HPOS="244"
                    VPOS="2320"
                    WIDTH="477"
                    HEIGHT="99">
            <Shape><Polygon POINTS="506 2339 502 2339 485 2351 433 2342 431 2342 430 2342 428 2342 428 2344 416 2355 372 2356 347 2348 317 2337 315 2337 314 2337 313 2337 313 2338 307 2338 244 2355 246 2388 246 2411 297 2415 299 2415 300 2415 302 2415 311 2407 318 2402 333 2406 377 2419 379 2419 380 2419 463 2417 464 2417 466 2417 466 2415 478 2404 518 2395 530 2392 535 2393 562 2404 564 2404 565 2404 566 2404 593 2389 594 2389 595 2389 627 2403 628 2403 630 2403 631 2403 633 2403 653 2386 721 2381 721 2367 715 2320 615 2324 613 2324 612 2324 612 2326 609 2327 591 2348 542 2348 511 2337 510 2337 508 2337 507 2337 506 2337 506 2339"/></Shape>
	    <String CONTENT="Thomas Gardner Jun&#x27;r"
                    HPOS="244"
                    VPOS="2320"
                    WIDTH="477"
                    HEIGHT="99"></String>
          </TextLine>

          
          
          <TextLine ID="eSc_line_884f1422"
                    TAGREFS="LT6"
                    BASELINE="1220 2371 1419 2377 1497 2373" 
                    HPOS="1220"
                    VPOS="2323"
                    WIDTH="277"
                    HEIGHT="91">
            <Shape><Polygon POINTS="1220 2371 1220 2410 1270 2389 1303 2390 1326 2403 1346 2413 1347 2413 1348 2414 1409 2414 1409 2413 1410 2413 1412 2413 1427 2402 1457 2403 1459 2403 1460 2403 1461 2403 1461 2402 1471 2393 1472 2392 1496 2392 1497 2373 1494 2330 1456 2326 1455 2326 1453 2326 1442 2328 1419 2334 1394 2327 1384 2324 1383 2324 1381 2324 1366 2327 1333 2333 1314 2326 1307 2323 1306 2323 1304 2323 1303 2323 1297 2326 1288 2330 1220 2324 1220 2371"/></Shape>
	    <String CONTENT="John Osgood"
                    HPOS="1220"
                    VPOS="2323"
                    WIDTH="277"
                    HEIGHT="91"></String>
          </TextLine>

          
        </TextBlock>
        

        
      </PrintSpace>
    </Page>
  </Layout>
</alto>
