1903 1880
241 97 1539 116 Being desired by goodman Buckly to

252 186 1519 91 give my testimony to his wives conversation be

270 263 1513 74 fore this great Calamity befell her, I cannot re

272 316 1235 88 fuse to bear witnes to the truth, viz

257 371 1443 86 that during the time of her living in Salem for

285 436 1444 83 many years in Communion with this Church

264 481 1490 100 having occasionally frequent converse & dis

261 537 1425 103 scourse with her, I have never observed my

257 604 1357 97 selfe nor heard from any other any thing

271 669 1522 84 that was unsuitable to a Conversation becoming

263 726 1527 101 the Gospel; & have allwayes looked upon her

260 784 970 110 as a serious Godly woman.

1144 817 666 148 John Higginson

412 897 680 96 Marblehead: Jan: 2: 1692/3:

272 971 1480 95 Upon the same request, having had the like opportunity

279 1062 1484 82 by her residence many years att Marblehead, I can do no

287 1118 1491 97 less then give the alike testimony for her pious conver

288 1204 1363 84 sation, during her abode in this place and communion with us

995 1287 345 116 Samuel

1384 1281 355 141 Cheever
