965 1476
155 30 700 58 The Depsition of Thomas Burnam junr aged:

845 45 58 47 48:

88 73 770 62 years who testifieth & saith yt som years

79 128 771 59 sinc one sumer one of my Cows was very

82 164 764 68 often milked & som times tow of them in

77 220 759 55 my yard by my house: & thinking to Cach

86 268 764 55 ye milker: I took paines & watched & one with

88 305 752 62 me & thos nights yt I watched my Cowes were

78 350 733 57 not milked & I arose one night a Litele

80 390 745 68 before day: & stood in my indien Corn near

73 451 724 48 whare my Cowes Lay & sone I saw a

73 487 791 68 female stand in ye midele of ye yeard. whar

69 537 783 58 ye cowes ware which by hear atier I thought

66 593 236 48 was Rachell

289 572 94 33 Clenton

440 571 454 63 which as I thought uanished

61 619 830 68 a way: & another night I a rose before day &

56 659 809 86 walked in ye street & just one ye breaking of

58 719 775 63 day Came sudingly to my yeard wheare my

77 754 792 78 Cowes Lay & that Cow that was most comonly

65 803 777 77 milked stood & a parson a milking which

66 849 761 75 presenly glanced from ye cow in ye Lickenesse

65 894 771 75 of a gray Cat & run up ye back side of my

64 944 750 80 house Scraching upon ye Shingells a bought

64 979 782 101 fourty foot: & so ouer ye top of my house & further

199 1055 186 52 saith not=

516 1037 371 63 Except yt ye Spring following

68 1075 802 82 the same Cow was found dead on ye Common, not mired nor Cast.

109 1114 625 80 nor throw poverty, or any Disease yt we know of.
