804 1246
108 39 644 63 Whereas There is Complaint Exhibbitted to the

352 30 382 39 To the Constable of Ipswich --

94 71 287 44 Honored Court now

481 80 271 45 holden at Ipswich --

99 102 664 48 In Behalfe of their majesties. against Rachell --

100 131 664 46 Formerly the Wife of Lawrence Clenton of Ipswich

97 164 672 39 on Suspision of witchcraft, & whereas Recognizance

130 156 96 24 grounded

96 187 408 41 is Enterd, for prosecution --

96 215 665 52 You are hereby Required in their Majesties names

92 251 669 43 forthwith or as soon as may be to apprehend seize &

100 278 673 48 bringe before the Honored Court to be holden at Ipswich

49 309 725 45 the sayd on the next morrow morning at Eight a Clock

134 309 178 30 Rachell Clenton

99 336 674 44 In order to an orderly Examination, & Conviction & --

87 362 683 49 hereof fail not at Your perrill & for so doing this --

100 393 668 45 shall be your warrant of which you are to make a true re

96 422 671 45 turne as the Law derects: P Curiam *Tho's Wade Cler

71 449 302 52 Ipswich March 29'th 1692).

116 531 360 68 To the Constable of Ipswich

92 575 674 55 You are hereby required In their Majesties names to

98 609 665 47 Sumons warne & Require to appeare at the Court to be

103 636 672 49 holden at Ipswich on the morrow morning Viz't Mary Fuller sen'r

102 661 672 49 & Mary fuller Junior & Allexsander Thomson jur & Richard

99 685 673 50 fitts & Doct: John Bridgham & Thomas Maning & Nathaniel

98 713 683 52 Burnam all of Ipswich & Thomas Knowlton jur & Mary Thorne

99 737 682 59 To Give in their severall Evidences before the Court to Cleare

99 761 678 57 up the Grounds of Suspition of Rachell Clenton Being a --

112 784 663 63 Witch & hereof faile not at Your perrill but make a true

114 823 509 56 returne under Your hand as the Law Directs

333 839 432 83 P. Curiam Thos Wade Cler.

183 1099 68 46 2660
