<?xml version="1.0" encoding="UTF-8"?>
<alto xmlns:xsi="http://www.w3.org/2001/XMLSchema-instance"
      xmlns="http://www.loc.gov/standards/alto/ns-v4#"
      xsi:schemaLocation="http://www.loc.gov/standards/alto/ns-v4# http://www.loc.gov/standards/alto/v4/alto-4-2.xsd">
  <Description>
    <MeasurementUnit>pixel</MeasurementUnit>
    <sourceImageInformation>
      <fileName>S002.jpg</fileName>
      
    </sourceImageInformation>
  </Description>
  
  <Tags>
    <OtherTag ID="BT1" LABEL="Title" DESCRIPTION="block type Title"/><OtherTag ID="BT2" LABEL="Main" DESCRIPTION="block type Main"/><OtherTag ID="BT3" LABEL="Commentary" DESCRIPTION="block type Commentary"/><OtherTag ID="BT4" LABEL="Illustration" DESCRIPTION="block type Illustration"/><OtherTag ID="BT6" LABEL="text" DESCRIPTION="block type text"/>
    <OtherTag ID="LT6" LABEL="default" DESCRIPTION="line type default"/>
  </Tags>
  
  <Layout>
    <Page WIDTH="1478"
          HEIGHT="1117"
          PHYSICAL_IMG_NR="89"
          ID="eSc_dummypage_">
      <PrintSpace HPOS="0"
                  VPOS="0"
                  WIDTH="1478"
                  HEIGHT="1117">
        
        <TextBlock HPOS="14"
                   VPOS="17"
                   WIDTH="1451"
                   HEIGHT="1019"
                   ID="eSc_textblock_8b9a2e47"
                   TAGREFS="BT6">
          <Shape><Polygon POINTS="975 17 1078 22 1106 59 1138 64 1391 64 1411 56 1421 22 1440 27 1455 151 1455 389 1438 421 1445 441 1438 533 1448 595 1408 674 1438 682 1455 707 1463 833 1453 873 1455 917 1465 935 1428 952 1331 972 1262 974 1234 987 654 1007 560 997 510 1002 448 1034 401 1036 340 1034 324 1017 294 1009 129 1014 44 997 27 922 32 801 14 406 14 183 29 74 109 64 798 64 892 57 920 22 975 17"/></Shape>
          
          
          <TextLine ID="eSc_line_ae77b84c"
                    TAGREFS="LT6"
                    BASELINE="928 48 1083 44" 
                    HPOS="927"
                    VPOS="22"
                    WIDTH="156"
                    HEIGHT="40">
            <Shape><Polygon POINTS="1079 25 1073 28 1070 26 1068 24 1068 24 1068 24 1067 24 1067 24 1066 24 1057 26 1055 26 1054 26 1040 22 1040 22 1039 22 1039 22 1038 22 1038 23 1034 27 1029 33 1000 33 994 29 992 27 991 27 991 27 963 24 962 24 962 24 961 24 961 25 955 31 954 31 953 31 943 26 942 26 942 26 941 26 927 31 928 48 928 53 954 53 957 55 967 62 967 62 968 62 968 62 969 62 970 62 977 55 980 52 991 55 993 55 994 55 995 55 995 55 996 55 1001 53 1004 55 1013 60 1013 60 1014 60 1014 60 1049 60 1049 60 1050 60 1055 55 1060 51 1083 55 1083 44 1080 27 1079 25"/></Shape>
	    <String CONTENT="aged 47"
                    HPOS="927"
                    VPOS="22"
                    WIDTH="156"
                    HEIGHT="40"></String>
          </TextLine>

          
          
          <TextLine ID="eSc_line_f1abbf84"
                    TAGREFS="LT6"
                    BASELINE="29 110 202 103 632 99 850 103 1196 99 1412 106" 
                    HPOS="28"
                    VPOS="60"
                    WIDTH="1384"
                    HEIGHT="61">
            <Shape><Polygon POINTS="841 60 835 61 831 61 760 69 749 71 701 71 694 70 661 64 655 64 649 64 643 64 636 64 634 64 610 70 603 71 579 71 572 70 544 64 543 64 537 64 531 64 525 64 518 64 513 64 484 67 460 64 456 64 450 64 444 64 438 64 432 64 430 64 391 70 378 73 342 73 330 70 295 65 294 65 250 71 242 72 196 72 191 71 166 65 120 64 115 64 109 64 103 65 96 65 90 66 84 67 78 68 72 68 65 69 59 70 53 70 47 71 40 72 34 73 28 75 29 110 30 121 117 112 156 116 157 116 252 109 426 108 489 119 491 119 491 119 493 119 537 115 581 119 581 119 636 109 654 111 654 111 693 107 777 118 779 118 779 118 885 117 886 117 929 106 956 106 1018 113 1019 113 1042 108 1163 110 1164 110 1200 106 1258 116 1258 116 1272 116 1286 116 1286 116 1327 107 1361 115 1362 116 1410 116 1412 106 1411 68 1358 65 1358 65 1274 68 1268 68 1268 68 1255 65 1255 65 1254 65 1094 68 1054 69 1050 68 1018 60 1017 60 957 60 956 60 841 60 841 60"/></Shape>
	    <String CONTENT="This Deposition of Thomas Boarman sen&#x27;or This Deponent testifieth"
                    HPOS="28"
                    VPOS="60"
                    WIDTH="1384"
                    HEIGHT="61"></String>
          </TextLine>

          
          
          <TextLine ID="eSc_line_d956c937"
                    TAGREFS="LT6"
                    BASELINE="48 160 589 145 959 150 1230 149 1412 155" 
                    HPOS="47"
                    VPOS="111"
                    WIDTH="1365"
                    HEIGHT="62">
            <Shape><Polygon POINTS="48 160 48 173 97 173 147 161 233 168 234 168 256 163 299 166 299 166 365 158 417 161 418 161 470 157 702 155 736 159 736 159 813 154 872 155 892 160 893 160 938 156 960 160 961 160 1000 157 1027 163 1027 164 1039 164 1059 164 1059 163 1061 163 1154 154 1195 161 1196 161 1281 161 1291 161 1316 157 1340 160 1341 160 1412 160 1412 155 1411 124 1314 124 1252 113 1252 113 1230 116 1198 111 1197 111 1196 111 1170 117 1122 111 1122 111 1072 112 995 128 993 129 921 129 919 129 870 118 870 118 827 127 793 119 792 119 770 121 743 115 742 115 683 124 579 117 579 117 578 117 551 125 533 122 533 122 504 129 440 121 440 121 388 125 356 119 355 119 267 120 189 135 47 137 48 160"/></Shape>
	    <String CONTENT="and saith that som wimen of worth and quality: Desired me"
                    HPOS="47"
                    VPOS="111"
                    WIDTH="1365"
                    HEIGHT="62"></String>
          </TextLine>

          
          
          <TextLine ID="eSc_line_b8492967"
                    TAGREFS="LT6"
                    BASELINE="31 204 238 198 757 196 1030 206 1251 206 1423 217" 
                    HPOS="31"
                    VPOS="159"
                    WIDTH="1392"
                    HEIGHT="63">
            <Shape><Polygon POINTS="31 212 53 210 72 213 85 215 86 215 102 213 121 211 148 214 173 215 174 215 192 214 265 206 327 208 355 215 366 217 366 217 422 217 422 217 433 215 485 207 730 207 837 210 867 218 874 219 875 220 903 220 903 219 908 218 944 209 983 214 984 214 1011 212 1048 219 1050 219 1051 219 1054 219 1097 213 1127 219 1128 219 1153 214 1201 220 1206 220 1207 220 1220 220 1283 217 1306 220 1311 221 1311 222 1422 222 1423 217 1422 182 1399 178 1398 178 1373 181 1364 183 1355 181 1327 176 1326 176 1303 181 1291 184 1192 184 1180 180 1176 179 1176 179 1175 179 1170 180 1154 183 1009 183 964 179 955 179 911 168 911 168 883 168 849 161 621 160 621 160 554 172 515 165 514 165 484 167 445 160 324 159 324 159 236 175 220 178 202 175 201 175 201 175 195 175 122 178 108 174 102 173 101 173 101 173 93 174 78 178 32 174 31 204 31 212"/></Shape>
	    <String CONTENT="To Aquaint the seven men that Rachell Clinton was a great Disstu"
                    HPOS="31"
                    VPOS="159"
                    WIDTH="1392"
                    HEIGHT="63"></String>
          </TextLine>

          
          
          <TextLine ID="eSc_line_b8085640"
                    TAGREFS="LT6"
                    BASELINE="21 259 157 256 466 258 693 250 1092 251 1424 262" 
                    HPOS="20"
                    VPOS="219"
                    WIDTH="1404"
                    HEIGHT="54">
            <Shape><Polygon POINTS="21 259 20 265 146 266 147 266 200 260 228 266 229 266 484 268 485 268 548 260 597 263 597 263 651 259 702 262 703 262 749 260 797 269 798 269 799 269 802 269 917 261 1094 261 1186 261 1219 269 1219 269 1313 266 1348 271 1348 271 1383 269 1423 273 1424 262 1423 227 1400 222 1399 222 1327 225 1311 222 1311 222 1291 227 1268 232 1240 227 1206 221 1205 221 1142 226 1114 221 955 220 954 220 919 227 889 234 843 228 821 225 821 225 790 228 786 228 779 228 657 222 657 222 618 228 592 232 442 232 426 228 377 219 376 219 341 225 309 224 308 224 265 229 250 230 241 229 217 225 184 225 184 225 165 229 161 230 21 230 21 259"/></Shape>
	    <String CONTENT="=rber unto them in the meten house in hunching them with hur"
                    HPOS="20"
                    VPOS="219"
                    WIDTH="1404"
                    HEIGHT="54"></String>
          </TextLine>

          
          
          <TextLine ID="eSc_line_0225cd3c"
                    TAGREFS="LT6"
                    BASELINE="31 310 734 309 864 315 1215 314 1432 321" 
                    HPOS="31"
                    VPOS="266"
                    WIDTH="1401"
                    HEIGHT="65">
            <Shape><Polygon POINTS="31 310 31 316 301 316 322 320 359 327 360 327 420 323 448 326 448 326 473 321 497 317 595 317 628 323 648 327 649 327 649 327 663 323 667 322 685 323 730 327 731 327 754 324 775 322 859 322 889 325 914 328 915 328 957 326 980 324 1006 318 1042 327 1057 330 1058 331 1212 331 1212 330 1220 328 1247 322 1321 325 1322 325 1365 320 1430 330 1432 321 1430 277 1338 281 1312 277 1311 277 1265 282 1218 276 1195 273 1194 273 1175 276 1127 284 1093 284 1042 275 992 267 991 267 954 274 914 284 873 284 831 282 803 274 773 266 772 266 616 266 615 266 587 273 566 278 540 273 511 268 510 268 489 273 450 283 350 283 302 272 275 266 274 266 248 272 202 282 158 271 133 266 58 266 57 266 31 271 31 310"/></Shape>
	    <String CONTENT="Elboo: as they went by hur s&#x27;d Clinton, and then the same Day ther"
                    HPOS="31"
                    VPOS="266"
                    WIDTH="1401"
                    HEIGHT="65"></String>
          </TextLine>

          
          
          <TextLine ID="eSc_line_4c8d2111"
                    TAGREFS="LT6"
                    BASELINE="38 360 236 358 328 357 583 363 756 363 824 367 1032 367 1141 371 1186 376 1417 381" 
                    HPOS="36"
                    VPOS="313"
                    WIDTH="1380"
                    HEIGHT="81">
            <Shape><Polygon POINTS="37 359 36 363 135 379 136 379 201 367 210 366 319 370 439 375 440 375 452 373 469 371 479 374 512 384 513 384 514 384 560 376 582 372 595 376 618 385 619 385 694 386 695 386 696 386 717 379 737 373 832 376 871 382 910 389 911 389 935 384 972 376 1037 376 1094 388 1115 391 1116 391 1177 390 1251 387 1274 391 1283 393 1414 394 1416 380 1415 349 1226 348 1219 344 1193 334 1193 334 1192 334 1191 334 1162 342 1150 347 1125 347 1114 341 1103 336 1102 336 1058 332 1057 332 1057 332 1035 338 1000 329 999 329 998 329 997 329 967 337 945 343 877 343 849 334 843 333 842 333 841 333 835 334 818 337 764 336 754 332 721 322 720 322 719 322 642 325 587 320 586 320 531 326 525 326 523 325 510 320 509 320 429 320 428 320 427 320 418 322 377 336 341 330 340 330 293 336 237 318 230 316 229 316 37 313 37 359"/></Shape>
	    <String CONTENT="I the s&#x27;d Boarman : Desired the seven men to take som Cear"
                    HPOS="36"
                    VPOS="313"
                    WIDTH="1380"
                    HEIGHT="81"></String>
          </TextLine>

          
          
          <TextLine ID="eSc_line_dbfe5fb6"
                    TAGREFS="LT6"
                    BASELINE="28 415 232 413 505 425 816 421 1420 428" 
                    HPOS="27"
                    VPOS="373"
                    WIDTH="1393"
                    HEIGHT="69">
            <Shape><Polygon POINTS="28 415 27 426 74 421 173 421 240 428 281 432 335 433 335 433 353 429 358 428 362 430 376 433 376 433 549 435 549 435 579 431 603 428 626 430 626 430 664 427 729 428 748 432 775 437 776 437 817 433 832 431 866 433 960 438 960 438 1009 434 1044 431 1107 431 1155 435 1235 442 1235 442 1267 436 1277 435 1288 436 1296 438 1296 438 1297 438 1302 436 1311 435 1419 437 1420 428 1419 400 1315 402 1283 398 1227 391 1226 391 1187 397 1165 399 1117 395 1108 395 1108 395 1105 395 1084 399 923 399 888 392 848 384 797 380 713 379 713 379 712 379 690 385 657 388 653 388 651 388 639 385 639 385 638 385 625 387 603 392 583 390 582 390 548 394 474 394 410 384 351 376 177 374 176 374 135 379 134 379 115 374 114 374 54 373 54 373 28 377 28 415"/></Shape>
	    <String CONTENT="the Rachell Clenton : might be forewarned: not to com in to"
                    HPOS="27"
                    VPOS="373"
                    WIDTH="1393"
                    HEIGHT="69"></String>
          </TextLine>

          
          
          <TextLine ID="eSc_line_6aa1c8ef"
                    TAGREFS="LT6"
                    BASELINE="34 459 280 461 430 470 715 468 1134 474 1262 484 1421 486" 
                    HPOS="34"
                    VPOS="430"
                    WIDTH="1387"
                    HEIGHT="66">
            <Shape><Polygon POINTS="1379 447 1336 440 1333 440 1287 439 1286 439 1283 440 1230 452 1163 439 1155 438 1027 436 1020 438 1011 439 1003 438 996 436 995 436 963 437 937 438 932 437 924 435 923 435 880 434 879 434 867 436 844 441 812 439 811 439 788 444 694 439 693 439 620 444 502 443 454 433 435 430 411 433 353 440 322 439 291 431 289 431 286 431 231 438 207 432 206 432 175 438 132 438 95 437 80 432 79 432 78 432 62 435 35 430 34 459 34 469 82 466 133 470 134 470 309 469 345 475 386 482 531 484 553 479 571 475 591 479 592 479 631 477 650 481 656 482 657 482 664 481 696 475 726 475 755 483 765 485 766 485 777 484 818 477 831 480 832 480 833 480 904 477 934 483 967 478 991 484 992 484 1091 480 1149 483 1190 492 1200 493 1201 493 1237 493 1281 492 1420 496 1421 486 1420 441"/></Shape>
	    <String CONTENT="Thoes wimens house, no more to Dissturbe them, and as I"
                    HPOS="34"
                    VPOS="430"
                    WIDTH="1387"
                    HEIGHT="66"></String>
          </TextLine>

          
          
          <TextLine ID="eSc_line_7bfb8f3e"
                    TAGREFS="LT6"
                    BASELINE="36 508 127 510 336 507 409 511 734 513 1074 523" 
                    HPOS="35"
                    VPOS="466"
                    WIDTH="1039"
                    HEIGHT="69">
            <Shape><Polygon POINTS="36 508 35 521 98 522 98 522 99 522 101 521 130 514 157 522 157 522 158 522 158 522 159 522 160 522 190 514 224 514 258 517 259 517 345 516 392 524 405 526 406 526 420 524 445 520 471 524 494 528 577 528 578 528 579 528 589 525 606 520 626 520 669 520 684 524 685 524 685 524 705 521 726 524 727 524 797 523 814 526 834 531 834 531 848 529 905 533 905 533 938 528 943 527 947 528 968 533 969 533 970 533 970 533 981 530 993 534 993 534 1029 535 1030 535 1073 528 1074 523 1073 482 985 494 923 494 875 480 875 480 874 480 836 489 792 489 754 477 751 476 750 476 717 475 716 475 716 475 712 476 668 490 648 490 609 477 608 477 592 474 582 474 556 474 556 474 553 474 495 487 362 487 333 480 332 480 281 481 227 469 225 469 225 469 221 469 188 472 178 468 178 468 177 468 36 466 36 508"/></Shape>
	    <String CONTENT="the s&#x27;d Boarman was Riding whom: that night"
                    HPOS="35"
                    VPOS="466"
                    WIDTH="1039"
                    HEIGHT="69"></String>
          </TextLine>

          
          
          <TextLine ID="eSc_line_4e1f6258"
                    TAGREFS="LT6"
                    BASELINE="31 563 241 559 466 559 552 564 718 564 990 569 1152 574 1199 579 1270 581 1325 588 1427 593" 
                    HPOS="31"
                    VPOS="525"
                    WIDTH="1396"
                    HEIGHT="68">
            <Shape><Polygon POINTS="31 563 31 573 120 573 120 572 152 566 420 569 441 572 442 572 491 571 531 580 545 583 545 583 590 581 694 576 729 579 729 579 758 574 790 578 790 578 897 575 918 579 919 579 939 575 972 583 973 583 1045 580 1107 588 1117 590 1117 590 1152 589 1262 587 1280 591 1281 591 1281 591 1309 587 1329 592 1332 592 1411 593 1427 593 1427 560 1238 559 1230 557 1198 552 1198 552 1149 556 1131 557 1124 556 1090 546 1089 546 1088 546 1014 546 956 534 955 534 936 539 902 539 856 533 828 533 827 533 766 546 751 543 750 543 729 547 678 539 677 539 641 547 626 551 548 551 529 546 477 534 477 534 443 538 389 527 205 525 204 525 150 538 114 530 113 530 62 538 31 538 31 563"/></Shape>
	    <String CONTENT="with the select men: I saw somthing appere at frenches Coue"
                    HPOS="31"
                    VPOS="525"
                    WIDTH="1396"
                    HEIGHT="68"></String>
          </TextLine>

          
          
          <TextLine ID="eSc_line_1b4493f9"
                    TAGREFS="LT6"
                    BASELINE="1085 526 1170 529 1247 536 1423 547" 
                    HPOS="1085"
                    VPOS="491"
                    WIDTH="339"
                    HEIGHT="66">
            <Shape><Polygon POINTS="1085 526 1085 534 1097 546 1097 546 1098 546 1098 546 1108 547 1132 548 1132 548 1133 548 1150 539 1188 543 1188 543 1201 541 1204 540 1206 541 1220 553 1220 554 1221 554 1221 554 1229 554 1255 556 1256 556 1257 556 1266 550 1296 547 1304 546 1307 547 1315 552 1316 552 1317 552 1339 550 1350 549 1352 551 1358 556 1358 556 1359 556 1360 556 1360 556 1368 552 1372 550 1380 552 1394 557 1394 557 1395 557 1423 555 1423 547 1424 523 1403 521 1403 521 1383 504 1382 504 1381 504 1381 504 1380 504 1368 507 1346 497 1345 497 1264 492 1263 492 1263 492 1262 492 1234 511 1233 511 1212 510 1186 508 1170 496 1169 496 1168 496 1168 496 1167 496 1152 504 1139 492 1139 491 1138 491 1137 491 1137 491 1117 495 1117 495 1116 495 1107 503 1086 502 1085 526"/></Shape>
	    <String CONTENT="after I had bin"
                    HPOS="1085"
                    VPOS="491"
                    WIDTH="339"
                    HEIGHT="66"></String>
          </TextLine>

          
          
          <TextLine ID="eSc_line_18317be6"
                    TAGREFS="LT6"
                    BASELINE="40 613 298 611 518 613 599 618 742 617 839 621 898 626 1394 649" 
                    HPOS="39"
                    VPOS="564"
                    WIDTH="1354"
                    HEIGHT="97">
            <Shape><Polygon POINTS="1392 619 1274 616 1263 613 1227 605 1226 605 1193 609 1152 591 1151 591 1054 588 1053 588 1024 593 990 586 823 581 822 581 821 581 795 592 758 589 757 589 756 589 746 592 736 595 710 591 680 585 679 585 648 588 591 593 525 589 510 582 486 573 485 573 484 573 438 579 405 584 383 578 359 569 358 569 317 565 316 565 315 565 289 573 257 583 105 579 40 564 39 612 39 620 218 620 406 632 433 632 433 632 439 632 516 625 544 635 545 635 584 637 585 637 586 637 587 637 612 627 702 627 770 633 771 634 896 634 918 641 919 641 920 641 972 635 1093 644 1094 644 1210 643 1269 658 1272 659 1273 659 1274 659 1274 659 1276 659 1297 653 1327 659 1331 660 1391 661 1393 648 1392 619"/></Shape>
	    <String CONTENT="Before me Like a Cat as I Apperprehended: and then I looked"
                    HPOS="39"
                    VPOS="564"
                    WIDTH="1354"
                    HEIGHT="97"></String>
          </TextLine>

          
          
          <TextLine ID="eSc_line_b0ccd9e7"
                    TAGREFS="LT6"
                    BASELINE="32 672 94 669 666 665 1393 697" 
                    HPOS="30"
                    VPOS="625"
                    WIDTH="1362"
                    HEIGHT="82">
            <Shape><Polygon POINTS="31 671 30 674 261 675 282 681 284 681 284 681 287 681 329 677 345 683 347 683 348 683 428 685 429 685 430 685 431 685 456 676 475 680 476 680 538 674 595 688 596 688 597 688 599 688 657 677 849 681 886 696 888 696 889 696 890 696 894 696 966 685 1072 686 1120 701 1122 701 1123 701 1124 701 1128 701 1193 691 1239 701 1275 705 1287 705 1288 705 1288 705 1289 705 1309 699 1390 707 1392 696 1392 659 1331 660 1318 657 1291 648 1290 648 1289 648 1241 655 1208 659 1192 654 1153 641 1152 641 1152 641 1108 646 998 637 997 637 996 637 978 644 927 635 812 632 782 632 781 632 780 632 747 643 719 631 718 631 657 629 623 629 623 629 622 629 582 639 503 625 502 625 501 625 465 638 441 639 422 640 160 635 155 633 131 627 130 627 129 627 98 632 95 632 31 632 31 671"/></Shape>
	    <String CONTENT="wishfully upon it; and it Semed to be sumething Like a Littell"
                    HPOS="30"
                    VPOS="625"
                    WIDTH="1362"
                    HEIGHT="82"></String>
          </TextLine>

          
          
          <TextLine ID="eSc_line_cac19720"
                    TAGREFS="LT6"
                    BASELINE="39 716 545 724 965 716" 
                    HPOS="38"
                    VPOS="682"
                    WIDTH="927"
                    HEIGHT="52">
            <Shape><Polygon POINTS="39 716 38 725 74 725 84 726 114 731 115 731 132 726 137 726 178 726 182 727 200 732 201 732 201 732 202 732 220 727 225 727 258 726 269 727 300 732 301 733 477 733 477 732 495 729 549 733 549 734 704 734 704 733 720 729 723 729 754 730 776 730 777 730 777 730 778 730 790 726 883 726 901 731 907 732 908 732 914 731 929 727 941 731 942 731 943 731 944 731 965 731 965 716 964 687 944 691 922 688 921 688 863 699 848 695 847 695 847 695 846 695 830 700 698 700 649 685 643 683 642 683 610 683 609 683 608 683 604 685 590 690 559 687 558 687 558 687 512 699 471 684 467 683 466 683 429 683 428 683 422 684 378 693 343 683 340 683 340 683 315 683 314 683 314 683 312 683 261 699 220 699 211 695 210 695 209 695 179 699 129 691 110 683 109 683 39 682 39 716"/></Shape>
	    <String CONTENT="Doge: and then I pursued it: and it Kept"
                    HPOS="38"
                    VPOS="682"
                    WIDTH="927"
                    HEIGHT="52"></String>
          </TextLine>

          
          
          <TextLine ID="eSc_line_e44a655e"
                    TAGREFS="LT6"
                    BASELINE="1007 724 1076 728 1437 735" 
                    HPOS="1006"
                    VPOS="697"
                    WIDTH="431"
                    HEIGHT="49">
            <Shape><Polygon POINTS="1006 731 1015 737 1016 737 1016 737 1017 737 1018 737 1018 737 1018 736 1024 732 1065 732 1073 738 1073 738 1074 738 1075 738 1075 738 1085 735 1088 739 1089 739 1090 739 1090 739 1091 739 1091 739 1101 733 1134 740 1165 741 1166 741 1167 741 1167 741 1176 735 1197 742 1198 742 1198 742 1219 738 1249 740 1250 740 1250 740 1263 737 1269 740 1270 740 1270 740 1271 740 1289 739 1315 744 1316 745 1335 745 1335 744 1335 744 1336 744 1344 739 1363 743 1363 743 1383 740 1405 746 1406 746 1407 746 1436 739 1437 735 1437 720 1420 716 1420 716 1409 718 1406 719 1402 718 1378 711 1378 711 1377 711 1358 716 1348 717 1331 717 1328 714 1325 712 1325 711 1325 711 1324 711 1324 711 1304 713 1277 715 1265 711 1242 702 1242 702 1224 701 1144 700 1144 700 1143 700 1133 704 1120 708 1090 704 1090 704 1089 704 1070 711 1027 711 1009 697 1007 724 1006 731"/></Shape>
	    <String CONTENT="the same Distance in the"
                    HPOS="1006"
                    VPOS="697"
                    WIDTH="431"
                    HEIGHT="49"></String>
          </TextLine>

          
          
          <TextLine ID="eSc_line_8c406abf"
                    TAGREFS="LT6"
                    BASELINE="55 763 233 765 476 771 870 770 1018 774 1188 773" 
                    HPOS="55"
                    VPOS="728"
                    WIDTH="1133"
                    HEIGHT="60">
            <Shape><Polygon POINTS="55 763 55 780 90 774 165 774 198 774 237 782 238 782 239 782 243 782 322 775 384 782 385 783 528 783 528 782 567 777 605 782 606 782 675 777 775 778 795 785 799 786 800 786 800 786 853 786 853 786 859 785 887 780 924 781 937 785 941 786 941 786 998 787 998 787 1004 786 1018 783 1031 786 1037 787 1119 788 1119 788 1127 786 1157 780 1186 786 1188 773 1187 753 1157 753 1153 752 1121 746 1120 746 1078 750 1050 753 966 753 947 747 944 747 944 747 943 747 939 747 911 752 872 752 851 745 814 733 813 733 685 732 684 732 646 739 608 732 607 732 607 732 580 739 543 750 389 750 309 742 283 733 273 729 272 729 157 729 156 729 150 730 122 737 91 729 91 729 55 728 55 763"/></Shape>
	    <String CONTENT="parth before me: all though I Road hoard after it"
                    HPOS="55"
                    VPOS="728"
                    WIDTH="1133"
                    HEIGHT="60"></String>
          </TextLine>

          
          
          <TextLine ID="eSc_line_7d45ddea"
                    TAGREFS="LT6"
                    BASELINE="45 819 320 812 564 820" 
                    HPOS="45"
                    VPOS="780"
                    WIDTH="519"
                    HEIGHT="49">
            <Shape><Polygon POINTS="45 819 45 825 99 829 99 829 100 829 101 829 104 826 107 824 130 822 140 826 143 827 144 827 144 827 145 827 148 826 163 820 192 820 212 827 215 827 216 827 216 827 217 827 219 827 230 822 242 825 243 825 243 825 244 825 245 825 253 820 369 820 384 828 386 829 386 829 387 829 432 829 432 829 433 829 434 828 448 822 475 829 477 829 478 829 481 829 529 822 539 829 540 829 540 829 541 829 563 829 564 820 562 780 536 793 480 793 463 780 462 780 461 780 410 780 410 780 409 780 409 780 391 793 363 793 344 780 343 780 343 780 342 780 338 780 330 781 330 781 329 781 313 793 295 793 284 785 283 785 283 785 282 785 268 787 255 781 254 781 253 781 253 781 229 788 212 780 211 780 211 780 186 780 185 780 184 780 184 780 168 792 125 784 124 784 124 784 123 784 112 792 94 792 62 780 61 780 60 780 60 780 45 780 45 819"/></Shape>
	    <String CONTENT="over take it, then I"
                    HPOS="45"
                    VPOS="780"
                    WIDTH="519"
                    HEIGHT="49"></String>
          </TextLine>

          
          
          <TextLine ID="eSc_line_141982aa"
                    TAGREFS="LT6"
                    BASELINE="1240 783 1357 784 1453 793" 
                    HPOS="1238"
                    VPOS="737"
                    WIDTH="214"
                    HEIGHT="70">
            <Shape><Polygon POINTS="1239 782 1238 798 1275 800 1276 800 1277 800 1312 791 1338 797 1339 797 1340 797 1341 797 1342 797 1349 793 1393 794 1450 807 1452 792 1451 759 1393 762 1377 751 1367 742 1366 742 1365 742 1342 741 1342 741 1341 741 1340 741 1333 746 1317 758 1291 742 1290 742 1289 742 1288 742 1274 745 1267 740 1266 739 1266 738 1265 738 1264 738 1240 737 1239 782"/></Shape>
	    <String CONTENT="I could not"
                    HPOS="1238"
                    VPOS="737"
                    WIDTH="214"
                    HEIGHT="70"></String>
          </TextLine>

          
          
          <TextLine ID="eSc_line_3367b3c7"
                    TAGREFS="LT6"
                    BASELINE="577 823 733 827 860 821 1098 820 1453 832" 
                    HPOS="575"
                    VPOS="780"
                    WIDTH="877"
                    HEIGHT="67">
            <Shape><Polygon POINTS="576 822 575 833 762 835 763 835 764 835 765 835 766 834 779 827 793 834 796 836 797 836 798 836 799 836 804 835 833 827 885 827 899 835 902 838 903 838 904 838 905 839 949 839 949 838 949 838 956 836 971 832 985 836 986 836 987 836 988 836 1007 828 1062 828 1154 830 1174 838 1175 838 1176 838 1177 838 1179 838 1210 831 1252 839 1270 842 1271 842 1272 842 1282 839 1304 833 1390 834 1402 840 1414 847 1415 847 1416 847 1451 840 1452 831 1451 807 1423 808 1417 806 1379 787 1378 787 1377 787 1329 791 1296 786 1295 786 1294 786 1261 800 1230 784 1229 784 1125 783 1125 783 1124 783 1083 799 1049 781 1048 781 1047 781 1017 788 992 783 991 783 990 783 951 797 923 799 911 800 900 799 868 795 867 795 847 798 840 799 838 798 826 793 825 793 824 793 759 797 753 797 723 780 722 780 721 780 720 780 684 796 674 790 673 790 672 790 671 790 670 790 669 790 660 795 576 795 576 822"/></Shape>
	    <String CONTENT="Looked once my right hand: and I saw"
                    HPOS="575"
                    VPOS="780"
                    WIDTH="877"
                    HEIGHT="67"></String>
          </TextLine>

          
          
          <TextLine ID="eSc_line_660f35d2"
                    TAGREFS="LT6"
                    BASELINE="48 873 217 860 804 862 997 867 1062 873 1152 875 1268 883 1391 883" 
                    HPOS="47"
                    VPOS="820"
                    WIDTH="1343"
                    HEIGHT="68">
            <Shape><Polygon POINTS="661 825 653 824 597 839 545 830 544 830 500 835 459 821 458 821 310 821 309 821 308 821 255 838 199 820 198 820 197 820 196 820 159 831 128 826 127 826 47 839 47 872 47 883 81 883 81 882 145 867 168 873 169 873 170 873 213 867 295 869 327 883 328 883 329 884 347 884 347 883 348 883 385 868 451 868 577 874 578 874 660 869 718 880 719 880 720 880 744 871 787 871 816 879 817 879 818 879 867 870 912 882 913 882 914 882 958 872 976 878 976 878 977 879 1037 879 1058 885 1059 885 1060 885 1111 877 1143 886 1144 886 1145 886 1178 881 1192 887 1193 887 1193 887 1194 888 1389 888 1390 882 1389 845 1250 845 1249 844 1222 833 1221 833 1220 833 1174 840 1122 824 1121 824 1120 824 1041 827 1040 827 1007 836 972 826 971 826 970 826 919 836 881 825 881 825 880 825 806 842 776 842 767 842 765 842 663 825 661 825"/></Shape>
	    <String CONTENT="a Grat surkle that moved as fast as I Roud along: and"
                    HPOS="47"
                    VPOS="820"
                    WIDTH="1343"
                    HEIGHT="68"></String>
          </TextLine>

          
          
          <TextLine ID="eSc_line_98fd670f"
                    TAGREFS="LT6"
                    BASELINE="70 914 320 912 494 906 703 914" 
                    HPOS="69"
                    VPOS="864"
                    WIDTH="633"
                    HEIGHT="64">
            <Shape><Polygon POINTS="69 913 69 926 96 921 108 926 110 927 111 927 214 928 215 928 216 928 216 928 222 924 230 918 237 923 242 927 243 927 244 927 309 928 310 928 311 928 327 922 338 918 350 922 360 925 361 925 362 925 363 925 370 921 376 918 381 921 386 923 387 923 388 923 389 923 395 921 413 915 448 915 455 920 463 927 464 927 465 927 488 928 488 928 489 928 490 928 490 927 499 919 503 915 530 918 546 920 547 920 548 920 552 918 558 915 630 917 657 917 663 923 664 923 664 923 665 923 701 915 702 913 700 872 659 873 657 872 646 864 645 864 644 864 626 864 625 864 624 864 623 864 611 873 600 880 585 874 564 864 563 864 536 864 535 864 534 864 518 872 511 865 511 864 510 864 509 864 486 864 485 864 484 864 483 864 467 875 457 883 422 883 416 876 402 864 401 864 400 864 379 864 378 864 377 864 376 864 356 877 348 883 327 883 322 878 306 864 305 864 304 864 285 864 284 864 284 864 283 864 258 879 256 881 253 879 228 864 227 864 226 864 201 864 200 864 199 864 198 864 198 865 180 881 178 882 168 881 140 877 139 877 94 882 94 882 93 882 87 877 86 877 85 877 84 877 83 877 69 882 69 913"/></Shape>
	    <String CONTENT="Then I thought of Rachell"
                    HPOS="69"
                    VPOS="864"
                    WIDTH="633"
                    HEIGHT="64"></String>
          </TextLine>

          
          
          <TextLine ID="eSc_line_4b90a859"
                    TAGREFS="LT6"
                    BASELINE="715 920 844 920 1154 918 1279 925 1345 924 1430 928" 
                    HPOS="713"
                    VPOS="880"
                    WIDTH="716"
                    HEIGHT="62">
            <Shape><Polygon POINTS="714 919 713 936 725 940 726 940 727 940 728 940 737 937 750 932 768 937 782 940 783 940 784 940 792 937 822 927 842 927 857 934 858 934 859 934 894 932 899 936 899 937 900 937 901 937 902 937 935 930 972 935 973 935 974 935 989 928 1109 928 1124 934 1125 934 1125 934 1158 928 1176 940 1178 941 1179 941 1179 941 1180 941 1181 941 1185 940 1212 928 1256 940 1262 942 1263 942 1264 942 1428 941 1429 927 1429 894 1411 888 1410 888 1410 888 1409 888 1391 893 1386 894 1381 893 1348 884 1347 884 1346 884 1345 884 1320 891 1316 892 1314 891 1295 887 1294 887 1293 887 1292 887 1280 891 1261 898 1233 890 1222 887 1221 887 1220 887 1220 887 1219 887 1215 889 1204 899 1177 899 1159 888 1146 881 1145 881 1111 881 1111 881 1110 881 1095 888 1072 898 1030 898 999 894 988 885 983 881 982 881 981 881 969 881 968 881 967 881 966 881 962 885 946 898 899 898 874 896 841 882 836 880 835 880 834 880 833 880 832 880 829 882 817 889 804 881 802 880 801 880 800 880 714 880 714 919"/></Shape>
	    <String CONTENT="Clinton then the Littell Creatur"
                    HPOS="713"
                    VPOS="880"
                    WIDTH="716"
                    HEIGHT="62"></String>
          </TextLine>

          
          
          <TextLine ID="eSc_line_00c83bd8"
                    TAGREFS="LT6"
                    BASELINE="52 979 270 963 490 952 631 954 689 958 1078 956 1163 960 1216 958" 
                    HPOS="50"
                    VPOS="919"
                    WIDTH="1166"
                    HEIGHT="89">
            <Shape><Polygon POINTS="1037 919 1031 919 1024 919 1018 919 1016 919 982 930 928 924 928 924 886 933 885 934 742 937 741 937 715 930 714 930 677 936 635 929 634 929 595 933 553 925 471 924 470 924 171 930 170 930 111 950 50 950 52 979 52 1008 82 1004 155 1005 200 1006 201 1006 201 1006 211 1004 257 990 414 987 470 994 471 994 500 987 558 986 577 991 592 995 593 995 622 997 623 997 714 995 761 986 772 983 781 985 811 991 811 991 849 982 867 979 895 981 916 982 944 991 945 991 946 991 1006 989 1006 989 1042 978 1065 980 1066 980 1067 980 1083 974 1089 973 1170 971 1175 972 1196 974 1196 974 1216 970 1216 958 1214 927 1123 928 1102 923 1101 923 1101 923 1065 924 1043 919 1037 919"/></Shape>
	    <String CONTENT="and the surkle vanished away: and further saith not."
                    HPOS="50"
                    VPOS="919"
                    WIDTH="1166"
                    HEIGHT="89"></String>
          </TextLine>

          
          
          <TextLine ID="eSc_line_fd77d621"
                    TAGREFS="LT6"
                    BASELINE="335 1023 451 1020" 
                    HPOS="334"
                    VPOS="984"
                    WIDTH="117"
                    HEIGHT="52">
            <Shape><Polygon POINTS="335 1023 335 1036 381 1035 382 1035 383 1035 386 1033 392 1028 398 1030 399 1030 399 1030 400 1030 407 1027 451 1027 451 1020 449 989 420 990 420 990 404 984 404 984 403 984 369 989 344 986 343 986 343 986 342 986 334 991 335 1023"/></Shape>
	    <String CONTENT="2660"
                    HPOS="334"
                    VPOS="984"
                    WIDTH="117"
                    HEIGHT="52"></String>
          </TextLine>

          
        </TextBlock>
        

        
      </PrintSpace>
    </Page>
  </Layout>
</alto>
