1113 1450
18 56 1017 85 The Deposion of William Baker Aged 36

19 107 1049 71 years Saith: About 10 years Agoo: I living with

16 148 1079 58 my Master Rust: There was a Barrill of strong

22 185 1069 67 beer brewed & the Day it was Brewed Rachell Clinton

26 223 1074 67 came there, & was with sum small Thing: But

20 265 1061 66 what it was I can not tell: & the Day morning

26 302 1050 70 the Bere was put in to the Berrill: & that day said

22 348 1052 68 Rachell went bakwords and forrowords, 6 or 7 -

37 384 1029 68 times: up & Dow the lane that Leds to our house &

32 427 1042 66 Did not com in to the house that Day: & that night

53 468 1031 62 following: hannah Rust: went Downe to see whe

25 513 1051 56 =ther the Bere worked or no: & Puld out the tape

43 543 1016 73 & could find no Bere in the Barrel: & shee carried

31 590 1038 56 any that is the soude of the house besids me: or with

33 626 1044 61 no: and I saw that ther was no Bere in the -

34 665 1001 59 Barril: neither was there any appearance of

58 708 1021 61 wet upon the flouer: and presently aftor w

38 750 996 51 fild the Barril with worter and it was i

34 784 1054 63 A night and Day and Ded not Leke any of it ou

36 832 1049 56 as we could see And after that we our folke

34 874 1040 49 Brued another Barrel of Bere and put it in

47 908 1020 58 the sam Barrill & it Did not Leke at all aftor that

40 952 497 70 And further Saieth not:

272 1121 114 51 2660
