1055 1458
42 30 216 56 Essex in the Province

38 70 196 41 of the Massachusetts

38 82 222 109 Bay in New England

199 105 797 71 The Juniors for our Sov'r Lord and Lady the King and Queen doe

205 159 799 66 present that Sarah Cloyce wife of Peter Cloyce of Salem --

416 209 350 53 In the County of Essex

195 246 501 69 In or upon the Eleventh Day of Aprill --

201 281 776 63 In the yeare aforesaid and Divers other Days and times as

203 322 812 64 well before as after Certaine detestable arts called Withcrafts

200 362 815 68 and Sorceries Wickedly Mallitiously and felloniously hath used

202 406 788 73 practised and Exercised At and in the Towne of Salem --

199 450 829 67 aforesaid in the County of Essex -- aforesaid in and upon & against

189 494 431 64 one Mary Walcott of Salem --

205 545 414 59 aforesaid Single Woman --

248 562 771 75 - by which said Wicked acts the said Mary Walcott

198 628 233 49 the day & yeare

670 610 351 54 - aforesaid and divors other

199 648 808 68 days and times both before and after was and is Tortured

201 699 806 59 aflicted Consumed Wasted Pined and Tormented, and also

203 734 784 71 for Sundry other Acts of Witchcraft by the said Sarah

205 782 790 72 Cloyce -- Comitted and done before and since that time

205 824 800 77 against the Peace of our Sov'r Lord and Lady the King

207 874 804 68 and Queen theire Crowne and Dignity and the forme in

206 912 666 90 the Stattute In that case made and Provided.

280 70 307 64 Annoq'e Domini 1692//

281 26 720 69 Anno RR's & Reginae Gulielmi & Mariae Angliae &c Quarto
