999 1471
79 26 242 63 Memorandum

167 59 783 59 That on the 8'th. Day of Decemb'r 1692 in the ffowert

153 101 799 64 Year of the Reign of our Soveraign Lord & Lady Wil

160 143 785 57 & Mary by the Grace of God of England &c King

164 184 776 57 Queen Defenders of the faith personally Appeared

165 228 793 53 before us James Russell & Sam'll Heman Esq'r of

161 265 800 56 their Majests Councill & province of the Massachu

153 304 801 59 Bay in New England & Justices of Peace within the

156 341 804 56 Same John Pierson & George Lylly of Lin in the County

161 381 798 60 of Essex husbandman, And acknowledged themselves

185 423 765 59 Each of them to be indebted unto our Said Lord

158 466 805 53 Lady the King & Queen & the Survivor of them their

152 509 794 54 Heires & Successors in the Some of (two hundred

161 546 785 53 pounds to be leavied on their or Either of their

156 585 806 54 goods or Chattels Lands or Tennements for the use

155 624 806 53 of our Said Lord & Lady the King & Queen or Survi

157 662 801 55 vor of them if Default be made in the pformance

136 699 643 56 of the Condition underwritten

97 737 871 55 The Condition of the Above Recognizance is Such that wher

98 777 864 53 as Bethya Carter of Wooburn Widdow in the County of

97 811 871 61 Middlesex Stands Charged of the horrible Sin of witchcraft

435 812 124 31 with Suspition

100 851 840 52 & was Committed to Goale for the same; If therefore the

98 886 869 60 Aforesaid Bethya Carter who is Suspected as Abovs'd, Shall

98 928 871 49 make her personall Appearance before the Justices of our

97 962 846 60 Said Lord & Lady the King & Queen at the Next Court of

97 1006 861 58 Assize Oyer & Terminer & Generall Goall delivery to be

96 1037 845 62 holden for & within the County of Middlesex. Afores'd to

95 1076 865 64 Answere what Shall be objected against her in their

95 1113 865 67 Majests behalf refering to Witchcraft & to do & receive

98 1150 862 66 that w'ch by Said Court shall be then & there injoned her

96 1189 869 63 & not depart without licence then the Above Recognizance

91 1233 840 52 to be void or elce to remain in full force & virtue

62 1272 482 73 Capt & Recognit Die prediet Cor. --

586 1276 247 54 Ja: Russell

569 1319 252 84 Samuell Hayman
